2976 4808
10 4220 26 4280 1

640 290 818 358 ..15-

87 527 290 595 aestimandis
316 547 383 595 non
407 547 534 614 semper
549 527 626 594 eatis
650 532 795 592 accurata
818 547 895 595 usos
919 547 989 595 esse
1012 529 1199 612 reverentia,
1225 548 1293 596 ιιοιι
1317 532 1367 597 ιιι

87 637 171 719 quod
205 637 365 703 miremur.
401 634 548 721 Namque
572 654 684 701 ornnes
707 635 772 702 sere
796 634 931 702 Romani
955 634 1037 703 illius
1062 637 1173 703 aetatis
1198 637 1366 723 disciplina

84 744 269 830 artibusque
292 743 437 829 perpoliti
466 743 745 829 „superstitiones“
774 745 1040 830 aspernabantur,
1074 745 1201 830 mythos
1225 745 1363 813 fabulas-

85 871 147 936 que
172 853 211 918 de
235 853 295 918 diis
319 855 351 914 et
375 850 492 917 deabus
515 850 608 936 vulgo
633 854 758 917 tantum
790 853 935 937 imperito
960 852 1075 937 dignos
1099 853 1263 938 putabant.
1301 854 1368 921 lta·

87 980 149 1045 que
172 961 236 1024 iam
259 958 366 1024 Livuis
388 957 413 1037 I,
441 959 491 1025 19.
531 960 682 1046 „deorum
713 960 853 1025 metum“
878 980 947 1025 rem
970 980 1042 1025 esse
1066 965 1176 1026 censet
1203 962 1262 1041 „ad
1286 961 1366 1029 mul·

86 1067 259 1132 titudinem
293 1067 468 1152 imperitam
502 1071 534 1133 et
567 1069 678 1133 rudem
702 1066 988 1137 efficacissimam.
1020 1067 1123 1150 Quam
1148 1070 1275 1135 obrem
1299 1088 1366 1136 non

87 1176 188 1251 video,
224 1193 318 1259 quare
362 1174 507 1240 nonnulli
550 1175 607 1240 viri
652 1175 736 1240 docti
769 1174 890 1240 Horatii
923 1195 998 1261 erga
1021 1158 1098 1241 deos
1122 1176 1270 1260 pietatem
1294 1197 1366 1243 uum

88 1281 123 1345 in
159 1279 225 1345 aliis
261 1280 346 1363 loeis,
381 1287 449 1347 tum
485 1283 519 1346 in
551 1283 649 1347 satira
691 1282 732 1365 ll,
774 1282 803 1363 5,
823 1283 875 1351 59.
906 1283 1023 1350 frustra
1050 1303 1174 1351 servare
1199 1289 1365 1354 conentur.

86 1387 219 1454 Tiresias
274 1389 359 1455 enim
412 1395 499 1457 vates
555 1390 616 1456 hoa
666 1390 747 1471 loeo,
794 1398 960 1477 postquam
1006 1390 1091 1456 Ulixi
1139 1391 1237 1458 multa
1283 1393 1372 1460 uitae

83 1500 249 1582 praecepta
286 1498 383 1585 dedit,
423 1499 558 1584 „quibus
593 1500 725 1566 amissas
761 1503 856 1583 queat
879 1519 1023 1585 reparare
1047 1518 1099 1565 res
1123 1500 1243 1566 artibus
1268 1504 1364 1586 atque

84 1604 206 1669 modis“
253 1606 419 1688 quaerenti
460 1605 571 1681 eidem,
615 1625 693 1672 num
738 1625 811 1672 vera
857 1607 931 1686 sint,
969 1624 1050 1692 quae
1083 1605 1144 1673 sibi
1176 1608 1365 1692 pronuntia-

83 1713 173 1793 verit,
198 1712 394 1797 respondet:

194 1853 240 1942 „0
263 1855 439 1939 Laertiade,
463 1856 613 1942 quioquid
637 1857 749 1939 dicam,
775 1858 828 1921 aut
852 1856 921 1935 erit,
947 1857 1001 1920 aut
1024 1875 1109 1923 non:

196 1963 415 2040 „Divinaret
383 1983 399 2029 e
417 1964 500 2028 enim
518 1984 655 2050 magnus
679 1963 757 2030 mihi
781 1964 878 2030 donat
901 1962 1057 2049 Apollo!“

193 2103 368 2170 Rectam
360 2108 409 2170 ιιιι
410 2110 515 2191 erpret
502 2107 591 2172 tandi
633 2107 728 2173 huius
770 2107 830 2172 loei
874 2107 957 2173 viam
1001 2105 1167 2190 ingressus
1215 2110 1264 2172 est
1301 2108 1364 2174 iam

89 2186 204 2278 Sahal.³
221 2209 313 2297 qu,
350 2214 406 2298 qui
439 2215 479 2279 ad
502 2213 588 2280 huno
611 2190 698 2280 ιοιιιιι
709 2212 821 2291 uphem
846 2212 1084 2281 adnotationem
1108 2215 1221 2280 adicit:
1257 2216 1364 2292 „-Iooa

90 2319 181 2383 tur
172 2338 206 2384 ιιι
240 2321 371 2406 antiqua
402 2340 555 2407 responsa
588 2326 640 2389 vat
642 2343 693 2388 um
727 2323 863 2389 irrideus
891 2320 1070 2407 Apollinem
1094 2321 1220 2387 satirieo
1244 2334 1362 2401 more,

86 2426 194 2511 itaque
217 2428 265 2493 int
252 2427 409 2495 tellexisse
441 2431 519 2496 Bu'e't
507 2431 618 2505 thium,
639 2432 773 2517 perspici
797 2434 902 2516 potest
926 2450 963 2495 ex
986 2427 1116 2498 (lonsol.
1137 2428 1173 2494 V.
1201 2430 1231 2497 3.
1260 2431 1365 2515 „Quae

85 2533 166 2601 haee
191 2538 241 2599 est
263 2538 481 2620 praescientia,
514 2557 595 2622 quae
621 2537 701 2604 nihil
726 2542 858 2620 eertum,
881 2536 962 2603 nihil
986 2535 1100 2603 stabile
1124 2537 1365 2621 comprehendit

86 2649 141 2711 aut
177 2646 255 2730 quid
286 2647 347 2712 hoe
368 2649 475 2715 differt
496 2648 645 2714 vatioinio
664 2646 717 2712 illo
741 2643 873 2712 ridiculo
896 2643 1055 2710 Tiresiae:
1095 2642 1295 2729 „„Quioquid
1319 2645 1364 2710 din

86 2775 167 2834 eam,
192 2761 245 2821 aut
277 2757 348 2838 erit,
373 2760 427 2822 aut
414 2756 587 2822 tuon‘?““
615 2754 717 2821 Nimis
742 2752 884 2839 quaesita
853 2752 992 2818 vide
993 2771 1031 2815 ur
1063 2750 1158 2816 huius
1181 2749 1244 2816 loci
1267 2752 1365 2818 inter·

85 2867 174 2948 prata
178 2864 232 2949 tio,
257 2885 350 2949 quam
384 2867 452 2931 urit
455 2866 580 2932 zsehius
605 2864 809 2950 proponit:
837 2858 893 2927 der
916 2859 1007 2946 Spott
1030 2858 1087 2924 aul
1109 2859 1158 2925 die
1183 2859 1364 2947 Weissage·

86 2972 187 3038 kunst
223 3022 362 3040 .....
398 2975 440 3041 iet
428 2974 564 3040 tsehon
589 2972 720 3038 deshalb
746 2971 836 3037 nicht
859 2967 1092 3050 anaunehmen,
1118 2948 1189 3034 weil
1214 2970 1273 3036 das
1296 2989 1365 3036 nun

87 3079 235 3166 lolgende
273 3081 458 3148 vaticinium
492 3080 529 3145 V.
567 3079 621 3159 63,
646 3100 708 3165 sqq
740 3079 794 3145 ein
817 3076 964 3164 Elegium
988 3076 1044 3142 des
1068 3076 1234 3162 Augustus
1266 3075 1364 3143 voller

87 3186 185 3254 Elrnst
219 3190 286 3255 und
320 3189 534 3275 llhrerbietug
557 3187 711 3255 antheus
737 3185 782 3252 At
805 3191 891 3251 enim
914 3182 1091 3268 Augustus,
1114 3186 1201 3268 puto,
1232 3204 1269 3250 ea
1296 3184 1365 3269 qui-

86 3295 159 3361 dem
183 3298 345 3363 mentione
369 3316 473 3383 neque
496 3297 680 3378 honoratur,
708 3313 812 3381 neque
836 3291 1015 3372 offenditur,
1040 3291 1120 3358 nihil
1144 3292 1280 3358 enimad
1297 3311 1364 3359 rem
1409 3295 1412 3299 ’

85 3408 207 3490 spectat
239 3408 349 3485 totum,
386 3407 471 3491 quod
513 3404 689 3471 Fritusehio
731 3402 856 3468 videtur
893 3399 1044 3486 elogium,
1091 3403 1214 3484 tempus
1239 3403 1363 3465 tantum

88 3511 235 3598 designat
268 3516 370 3598 poeta,
406 3515 504 3597 utque
541 3513 574 3578 in
608 3512 714 3578 iocoso
748 3527 895 3576 sermone
929 3509 1117 3594 perseueret,
1136 3525 1226 3573 uoce
1248 3526 1364 3593 magna

83 3621 280 3706 pronuntiat,
307 3640 375 3685 rem
397 3619 504 3705 magni
528 3619 649 3687 scilieet
673 3618 827 3686 momenti
849 3618 999 3684 futuram.

685 3832 712 3924 s.
739 3834 767 3903 a.

87 3977 329 4088 Quanam
353 3997 407 4065 re
428 3976 739 4086 compulsus
771 3975 846 4062 sit
875 3973 1096 4080 uterque
1126 3970 1280 4081 poeta
1298 3969 1364 4057 ad

405 4127 602 4212 satirae
634 4116 1074 4211 eonsoribendas?

193 4304 275 4388 Quid
308 4308 367 4375 sibi
399 4306 498 4376 uelint
532 4305 628 4373 verba
659 4300 780 4371 Horat
747 4306 783 4370 ιιι
813 4303 850 4369 in
870 4298 951 4388 Epp.
972 4298 1014 4365 II.
1040 4296 1071 4377 2,
1096 4296 1160 4363 51:
1196 4296 1363 4380 paupertas

80 4415 210 4504 'unpulit
242 4418 414 4496 undana
415 4421 561 4485 tuersus
586 4414 741 4483 faeerem“
765 4410 848 4481 uarii
865 4409 958 4479 uarie
972 4404 1130 4475 ιιιιιιιιιι.
1138 4397 1326 4467 hananiae
1343 4394 1394 4451 aa

1383 2424 1451 2455 ''r-0!
