2976 4808
662 228 835 293 ‚27-

107 480 200 528 suum
233 460 272 527 ab
310 460 466 526 institutis
503 460 658 526 maiorum
690 460 927 545 praeceptisque
962 459 1057 546 longe
1082 461 1253 529 recessisse
1290 462 1385 545 videt,

111 588 177 633 non
212 571 319 632 tamen
360 568 479 633 ideireo
514 586 625 633 omnes
649 568 788 653 pernicie
814 567 927 652 dignos
952 568 1185 633 existimat:.et
1209 569 1275 654 ipse
1299 576 1386 637 enirn

107 680 213 758 sentit,
237 679 351 744 iisdem
369 697 404 744 sc
426 678 511 744 vitiis
533 677 679 744 obrutum
704 696 773 742 esso
797 681 891 760 atque
915 675 1070 761 aequales,
1084 676 1384 762 maiorestdenique

104 785 228 851 Horatii
251 784 398 850 hilaritas
423 785 528 863 animi,
548 803 643 868 quam
667 804 746 869 quae
771 803 843 848 eum
867 803 885 848 a
908 784 991 849 iusto
1014 783 1270 868 reprehendendi
1291 786 1385 852 modo
1480 770 1483 777 ¹

106 892 266 958 abducere
289 891 448 976 patiatur.
481 888 525 955 Ut
558 909 632 956 vero
667 892 891 976 castigationes
927 890 1054 975 leniret,
1079 891 1157 957 mira
1194 910 1266 958 curn
1292 893 1385 958 urba·

104 1001 208 1067 nitate
249 1000 365 1064 iterum
403 1002 494 1082 atque
535 997 649 1064 iterum
680 998 793 1083 repetit
819 1018 871 1078 ,se
894 999 997 1084 ipsum
1022 998 1114 1065 venia
1133 997 1264 1064 aliorum
1288 1018 1382 1084 agere

108 1113 207 1192 atque
244 1125 365 1192 cupere,
400 1110 434 1172 ut
468 1106 529 1173 sibi
564 1104 690 1185 „dulces
725 1106 904 1190 ignoscant,
937 1107 965 1171 si
995 1105 1074 1190 quid
1097 1107 1232 1190 peccarit
1252 1106 1384 1189 stultus,

109 1214 222 1279 amici“
238 1212 434 1298 Propensum
459 1232 493 1279 se
516 1213 615 1279 fuisse
639 1214 680 1279 ad
704 1232 837 1293 amores,
857 1213 986 1278 minime
1009 1217 1105 1298 negat
1128 1230 1200 1278 cum
1222 1213 1257 1279 in
1278 1214 1384 1297 satira,

112 1320 233 1406 quain
256 1319 406 1386 moechos
429 1319 576 1405 insurgit,
601 1322 669 1385 tum
693 1320 727 1386 in
761 1340 808 1401 ea,
832 1341 894 1405 qua
915 1322 975 1386 iter
997 1320 1228 1386 Brundisinum
1249 1325 1314 1387 tam
1336 1322 1386 1389 ia·

108 1433 176 1495 cete
201 1427 375 1512 descripsit,
401 1427 442 1509 (I.
467 1426 498 1492 5ae
522 1425 592 1510 821)
604 1425 720 1493 diserte
734 1428 900 1513 profitetur
926 1447 980 1510 ,se
998 1427 1149 1497 Brundisi
1162 1427 1388 1495 stultissimum

107 1555 208 1621 usqne
232 1536 272 1600 ad
296 1535 433 1601 mediam
456 1537 583 1600 noctem
607 1536 796 1601 mendacem
820 1534 958 1620 puellam
981 1540 1192 1621 exspectasse,
1206 1555 1318 1602 somno
1342 1539 1388 1601 ta-

104 1665 179 1711 men
213 1643 351 1709 ablatum
388 1662 459 1708 esse
494 1644 654 1709 intentum
687 1643 864 1727 Veneri.⁵²)
900 1641 949 1707 Ne
984 1645 1123 1728 corporis
1161 1642 1290 1726 quidem
1313 1644 1388 1710 vitia

102 1752 338 1840 praetermittit,
364 1752 477 1816 satirae
508 1751 593 1815 enim
626 1749 651 1831 I,
685 1752 714 1832 7,
741 1750 771 1818 3.
795 1751 870 1837 lippi
895 1753 1163 1837 perstringuntur,
1189 1751 1308 1837 lippum
1331 1772 1387 1817 au·

102 1867 171 1927 tem
205 1861 303 1926 fuisse
335 1863 460 1945 poetam
494 1860 579 1924 inter
619 1879 730 1925 ornnes
764 1865 857 1925 conat
878 1863 900 1933 t,
923 1860 950 1927 Ι.
976 1860 1006 1927 3.
1033 1860 1084 1927 19.
1109 1861 1191 1928 vitiis
1216 1880 1249 1927 se
1270 1861 1386 1945 urgeri,

110 1969 227 2035 diserte
250 1968 434 2054 profitetur:

219 2127 233 2158 ,
237 2123 470 2145 .....
517 2075 612 2141 Nunc
636 2074 749 2159 aliquis
774 2077 859 2141 dicat
882 2075 977 2141 mihi:
1002 2075 1085 2157 Quid
1109 2075 1171 2142 tn?

220 2176 499 2263 ,Nullane‘habes
522 2183 625 2250 vitia?
647 2184 748 2250 Immo
773 2182 833 2249 alia
858 2188 888 2249 et
911 2184 1045 2250 fortasse
1069 2183 1222 2249 minora.“

215 2289 277 2357 Sed
311 2292 385 2357 vitia
421 2311 478 2356 sua
509 2292 678 2356 mediocria
702 2311 857 2377 suamque
881 2295 1027 2357 naturam
1051 2293 1158 2376 paucis
1194 2292 1382 2357 mendosam

102 2398 199 2477 vitiis,
233 2396 373 2482 alioquin
408 2402 529 2464 rectam
564 2398 709 2483 appellat,
734 2418 838 2482 neque
861 2401 947 2465 enirn
969 2401 1119 2466 avaritam
1143 2419 1246 2484 neque
1270 2399 1384 2466 sordes

101 2525 160 2572 neo
187 2505 271 2572 mala
294 2505 396 2572 lustra
418 2507 478 2573 sibi
502 2509 588 2571 reete
612 2507 692 2572 obici
717 2526 809 2591 posse
832 2510 931 2593 putat,
964 2511 1058 2592 atque
1082 2508 1198 2574 idcirco
1223 2508 1263 2572 ad
1278 2506 1382 2572 aliena

103 2616 236 2698 peccata
272 2615 458 2699 castiganda
492 2616 559 2679 iure
584 2634 617 2679 se
641 2617 906 2701 accedereposse
925 2616 1099 2682 contendit.
1124 2617 1299 2681 Hominum
1321 2616 1379 2700 igi·

103 2725 154 2787 tur
177 2722 263 2803 uitia,
285 2727 422 2808 peccata,
446 2742 568 2788 errores
592 2724 780 2790 irrridentur
802 2726 841 2790 ab
866 2724 998 2790 Horatio
1021 2723 1113 2804 salse,
1129 2725 1384 2805 taceteurbane,

105 2847 163 2895 nec
175 2828 383 2913 deplorantur
394 2849 498 2914 neque
507 2850 577 2895 cum
591 2830 637 2895 ira
649 2834 702 2896 aut
713 2833 825 2898 acerba
836 2851 907 2896 cum
916 2833 1385 2918 indignationeimpugnantur.

105 2932 200 3001 Nullo
220 2935 285 3001 fere
320 2934 388 3001 loco
413 2939 504 3020 poeta
527 2939 735 3022 arrogantiae.
751 2943 804 3006 aut
827 2940 993 3024 superbiae
1018 2939 1130 3004 merito
1155 2944 1296 3005 accusari
1327 2959 1381 3023 po·

105 3045 177 3119 test,
201 3043 414 3109 alienissimus
438 3050 487 3109 est
511 3045 549 3110 ab
574 3044 627 3109 illa
649 3047 754 3112 fucata
778 3049 809 3111 et
833 3046 981 3112 simulata
1003 3047 1168 3130 modestia,
1192 3067 1254 3131 qua
1272 3050 1383 3113 nostra

106 3152 193 3215 aetas
231 3149 361 3231 laborat,
393 3171 502 3219 verum
533 3153 669 3238 denique
704 3157 809 3239 potius
842 3174 966 3220 summa
1000 3173 1072 3219 cum
1105 3154 1264 3236 libertate,
1289 3174 1384 3238 quam

109 3256 272 3324 lenociniis
309 3261 396 3325 taleis
426 3261 509 3325 dicta
539 3282 596 3326 sua
619 3282 731 3328 ornare
756 3267 851 3348 cupit.
877 3263 1043 3329 Humanas
1066 3283 1117 3328 res
1141 3263 1289 3329 humanis
1312 3283 1383 3329 oum

108 3365 286 3432 intueretur
309 3367 408 3433 oeulis
432 3372 534 3452 poeta,
559 3367 638 3433 haec
662 3369 721 3434 sibi
741 3371 917 3455 persuasit:
938 3369 978 3434 ad
999 3369 1094 3435 vitam
1120 3370 1246 3435 beatam
1271 3387 1382 3435 omnes

107 3471 253 3539 homines
276 3476 479 3556 contendere,
503 3476 559 3540 sed
582 3476 621 3540 ab
646 3476 714 3541 aliis
734 3477 810 3541 alias
835 3475 930 3559 deligi
950 3476 1039 3542 vias:
1064 3477 1149 3541 unde
1172 3476 1243 3541 lieri
1268 3475 1379 3557 solere,

107 3582 230 3646 utnon
253 3599 364 3648 omnes
388 3584 426 3648 ad
441 3583 540 3648 finem
555 3584 740 3667 perveniant
755 3585 981 3668 exspectatum.
1007 3582 1184 3667 Sapientiae
1209 3585 1384 3669 praeceptis

107 3704 174 3752 non
196 3706 307 3755 omnes
331 3690 403 3755 duci
427 3692 519 3774 atque
543 3692 610 3776 regi
630 3692 857 3776 saepisimeque
881 3692 913 3755 in
939 3691 1113 3774 perniciem
1133 3694 1294 3775 tamquam
1312 3710 1382 3757 cae·

107 3812 161 3859 cos
194 3815 284 3862 ruere
318 3816 420 3881 neque
460 3797 532 3864 ullis
569 3799 842 3865 adhortationibus
878 3799 1051 3884 permoveri
1085 3818 1189 3885 posse,
1210 3803 1383 3866 arrectam

129 3993 176 4081 51)
211 3996 325 4058 Morem
359 3998 447 4059 illum
483 4017 514 4060 se
546 4001 645 4078 ipsum
680 4001 822 4079 carpendi
858 3999 981 4062 Graecis
1012 4001 1100 4078 pocta
1122 4001 1241 4061 videtur
1266 4000 1382 4063 debere.

214 4083 261 4148 Cf.
286 4087 368 4149 Plut.
393 4088 515 4167 Sympt
539 4090 579 4164 11,
606 4090 633 4165 1,
661 4090 691 4167 8,
717 4094 768 4170 qui
789 4092 867 4152 idem
889 4109 906 4152 a
927 4087 1048 4152 comicis
1072 4092 1170 4168 poetis
1192 4091 1383 4151 observatum

213 4193 281 4241 esse
322 4176 424 4240 docet:
458 4179 506 4241 καί
527 4186 583 4241 τῶν
607 4185 740 4259 κωμικῶν
770 4188 835 4247 ἔνιοι
857 4183 906 4259 τὴν
928 4181 1036 4262 πικρίαν
1072 4183 1192 4261 ἀφαιρεῖν
1215 4179 1323 4241 δοκοῦσι
1344 4183 1383 4262 τῷ

211 4268 349 4329 σκώπτειν
387 4270 508 4352 ἑαυτοὺς,
532 4272 571 4343 ὡς
594 4268 788 4354 Ἀριστοφάνης
819 4274 858 4344 εἰς
879 4274 928 4348 τήν
951 4271 1147 4354 φαλακρότητα
1168 4268 1215 4334 καὶ
1236 4272 1286 4346 τήν
1309 4273 1381 4335 eirea

117 4444 122 4449 Ι
152 4428 156 4439 .
214 4356 297 4437 δίψην
315 4360 449 4443 Κρατῖνος
471 4365 520 4441 τήν
544 4362 660 4441 Πυτίνην
698 4358 818 4441 δίδαξεν.
842 4362 961 4426 Arnold
978 4361 1006 4424 l.
1024 4361 1055 4423 i.
1074 4379 1156 4441 pag.
1171 4359 1239 4420 Q.
