2976 4808
672 237 848 301 „21-

335 508 387 540 „.
436 509 441 522 .
489 509 495 523 .
548 508 553 519 .
604 507 609 518 .
659 453 802 537 quemvis
826 450 989 515 hominem
1008 469 1115 514 secum
1136 447 1242 513 attulit
1261 448 1302 512 ad
1324 466 1401 527 nos3

334 566 594 644 „Grammaticus
620 562 738 641 rhetor,
763 563 955 644 geometres,
980 560 1092 644 pictor,
1118 555 1242 641 aliptes,

334 679 475 759 ,hugum
500 671 741 749 schoenobates,
767 668 920 750 medicus,
942 686 1071 751 magus,
1097 666 1204 731 omnia
1223 664 1311 729 novit

335 779 528 857 „Graeculus
551 779 695 845 esuriens
708 802 714 857 ;
739 777 774 841 in
789 773 921 855 caelum,
933 774 1076 856 iusseris,
1086 773 1172 839 ibit.“
1187 770 1246 851 ΙΙΙ,
1262 768 1314 834 75.
1327 788 1398 853 sqq.
1476 846 1479 851 Ι

218 926 332 1007 Neque
358 924 454 1008 pluris
478 943 571 1006 quam
594 920 736 987 historici
760 919 954 985 Graecorum
976 917 1157 1005 philosophi
1188 917 1227 982 ab
1244 914 1399 980 iuvenale

115 1030 430 1112 aestimantur21H,
457 1028 529 1096 114.
566 1028 623 1105 ΙΙΙ,
650 1028 724 1107 aab,
768 1027 822 1092 ubi
845 1027 971 1092 satirico
1009 1027 1103 1091 modo
1127 1023 1400 1107 Pythagoreorum

116 1162 196 1206 cena
230 1137 547 1221 comrnemoratur⁸³).
568 1135 702 1201 Miratur
734 1135 984 1219 Ribbechius⁵⁰),
999 1135 1085 1218 quod
1098 1134 1133 1199 in
1146 1131 1242 1197 satira
1259 1130 1401 1215 septima,

119 1265 308 1329 ‹piamquem
336 1263 386 1308 res
411 1247 504 1328 atque
529 1243 671 1310 conditio
696 1245 839 1309 omnium
874 1242 1040 1307 hominum
1076 1239 1271 1305 literatorum
1306 1256 1400 1301 enar·

120 1358 213 1430 retur,
238 1352 496 1436 philosophorum
521 1357 645 1417 tantum
680 1351 768 1415 nulla
801 1352 855 1415 liat
876 1351 1005 1434 mentio,
1040 1367 1135 1432 quare
1168 1347 1236 1411 fiori
1261 1345 1402 1430 potuisse

120 1463 294 1541 arbitratur,
327 1462 412 1542 rpuod
446 1461 510 1526 iarn
543 1460 820 1525 lteillerscheidius
856 1461 1035 1544 suspicatus
1065 1461 1142 1538 arat,
1183 1458 1218 1519 ut
1252 1454 1398 1519 tractatio

118 1570 169 1634 illa
203 1570 240 1634 do
277 1569 474 1654 philosophis
509 1572 581 1654 post
601 1572 728 1633 satiram
754 1568 825 1650 Vll,
856 1568 925 1632 tot.
965 1567 1136 1632 excideret.
1169 1562 1286 1629 Contra
1321 1580 1401 1646 quae

117 1677 312 1741 uronendum
336 1680 393 1755 cst,
420 1681 543 1760 poetam
580 1676 684 1741 studio
723 1673 950 1759 philosophiae,
975 1673 1131 1758 imprimis
1153 1690 1225 1736 vero
1249 1669 1400 1746 Graecae,

115 1803 280 1866 nunquam
318 1783 415 1847 multa
450 1784 608 1861 tribuisse,
648 1802 748 1865 neque
779 1784 943 1848 hominem
981 1782 1160 1847 Romanum
1195 1768 1240 1844 in¹
1262 1777 1400 1863 philoso-

118 1893 191 1977 phia
226 1892 351 1969 versari,
390 1911 525 1975 aequum
564 1895 701 1976 putasse,
750 1911 846 1974 quare
893 1891 980 1956 haud
1010 1890 1125 1954 mirum
1158 1888 1290 1966 videtur,
1316 1886 1402 1968 quod

120 2000 157 2062 de
206 2000 300 2064 rebus
347 1998 604 2083 philosophorum
648 1998 863 2064 Rornanorum
918 1998 998 2065 nihil
1050 1997 1165 2082 attigit,
1212 1995 1399 2079 praesertim

118 2126 190 2170 cum
238 2105 469 2190 philosophiam
515 2110 591 2170 tunc
629 2108 781 2190 temporis
822 2107 934 2172 Graeci
971 2109 1036 2172 l'ere
1077 2110 1200 2169 tantum
1249 2102 1398 2178 colerent,

119 2214 195 2296 quid
220 2218 325 2276 antem
351 2214 388 2277 de
414 2212 544 2277 Graecis
568 2213 730 2293 iudicaret,
765 2215 948 2298 saepissime
982 2215 1044 2278 iam
1077 2210 1147 2275 aliis
1182 2209 1260 2274 locis
1292 2212 1400 2273 osten-

118 2321 226 2386 disset.
252 2319 361 2385 Odium
386 2319 463 2384 illud
486 2340 561 2405 erga
585 2319 730 2399 l'lraeoos,
757 2324 842 2406 quod
857 2320 1015 2387 luvenalis
1039 2318 1203 2384 occasione
1228 2318 1299 2381 data
1322 2334 1397 2399 prae

117 2449 150 2494 se
176 2430 246 2508 lert,
280 2427 368 2492 lacile
401 2427 550 2511 explicari
584 2433 696 2511 potest.
724 2430 908 2495 Communis
940 2430 1026 2494 enim
1059 2427 1119 2492 suit
1151 2424 1229 2489 haec
1268 2420 1395 2506 querela

116 2538 260 2601 omnium
295 2536 518 2615 Romanorum,
551 2557 568 2599 a
607 2537 721 2620 quibus
757 2539 886 2621 antiqua
920 2556 1042 2601 morum
1075 2533 1240 2618 integritas
1273 2550 1395 2595 summa

116 2644 214 2708 virtus
252 2643 430 2727 putabatur,
464 2645 526 2708 iam
562 2644 601 2708 ab
632 2645 671 2708 iis
704 2647 909 2730 temporibus
945 2664 1025 2728 qliae
1060 2642 1222 2707 Gioeronis
1260 2641 1394 2703 aetatem

117 2755 365 2828 antecesserant,
391 2751 589 2836 disciplinam
613 2773 778 2838 moresque
802 2753 1017 2818 Romanorum
1033 2752 1224 2817 Graecarum
1238 2744 1394 2811 doctrina-

118 2878 195 2938 rum,
223 2858 396 2924 subtilitate
429 2880 616 2944 morumque
649 2863 800 2945 pravitate
839 2867 871 2926 et
910 2860 1043 2925 mollitia
1089 2859 1185 2922 luisse
1220 2855 1393 2937 corruptos.

116 2968 202 3049 Quae
227 2969 285 3032 luit
309 2969 397 3052 origo
433 2973 527 3053 atque
563 2970 635 3034 fons
667 2968 751 3033 illius
783 2971 818 3035 in
852 2968 1005 3034 Graecam
1041 2966 1203 3034 nationem
1235 2962 1308 3043 odii,
1333 2980 1395 3045 quo

117 3076 262 3141 nonnulli
286 3078 364 3142 adeo
389 3083 582 3163 exarserant,
608 3082 643 3143 ut
666 3076 786 3144 litteras
819 3097 944 3163 quoque
975 3081 1006 3143 et
1039 3074 1211 3160 sapientiae
1244 3068 1393 3145 studium,

118 3187 224 3269 utpote
248 3204 266 3248 a
291 3183 420 3250 Graecis
442 3186 627 3269 profectum,
643 3189 895 3252 contemnerent.
910 3184 1061 3268 Querelas
1076 3182 1145 3248 illas
1170 3184 1264 3264 atque
1288 3177 1394 3242 odium

116 3290 151 3356 iu
176 3290 312 3357 Graecos
337 3292 423 3358 haud
446 3313 524 3358 sano
548 3295 631 3359 iusta
658 3314 728 3359 esse
752 3299 1003 3361 consentaneum
1037 3298 1094 3371 est,
1132 3307 1279 3355 manasse
1310 3285 1395 3350 enim

114 3399 263 3465 videntur
286 3419 324 3464 ex
348 3398 401 3463 illa
425 3400 590 3465 hominum
614 3400 749 3481 leuitate,
786 3423 866 3486 quae
901 3421 959 3467 nos
984 3404 1093 3466 nostra
1120 3398 1193 3464 vitia
1227 3395 1331 3479 potius
1355 3391 1393 3456 ab

115 3506 175 3572 alio
199 3508 286 3572 fonte
310 3508 479 3594 requirere,
504 3529 599 3593 quam
622 3531 640 3576 a
664 3510 755 3576 nobis
779 3511 856 3595 ipsis
879 3511 1021 3595 repetere
1046 3506 1192 3589 iubet⁵¹).

118 3707 330 3716 —a—

153 3795 192 3863 ¹⁸)
227 3793 288 3849 Huc
318 3796 438 3851 addendi
463 3801 526 3852 sunt
545 3798 618 3853 loci:
648 3797 697 3870 VI,
719 3800 759 3855 16.
782 3798 817 3864 X,
839 3798 898 3853 174.
917 3795 993 3867 ΧΙΙΙ,
1012 3796 1073 3850 alo.
1092 3788 1170 3863 XIV,
1199 3785 1394 3857 so.vl,1sa.

222 3885 284 3951 VH,
304 3889 365 3941 226.
384 3887 433 3959 XI,
453 3890 505 3944 100
525 3892 625 3960 etquos
637 3888 719 3944 allert
738 3889 916 3945 Bernhardus
934 3887 1046 3959 Lupus:
1065 3883 1213 3940 Vindiciae
1234 3878 1393 3935 Juvenalia-

223 3994 283 4032 nae.
303 3976 414 4033 Bonnae
436 3996 462 4051 p.
483 3982 525 4035 45.

73 4158 79 4173 ΙΙ
151 4084 190 4153 ⁵⁹)
224 4085 281 4228 lIler
300 4084 378 4140 echte
403 4087 457 4140 rrnd
477 4088 525 4142 der
544 4088 660 4142 urtechte
679 4087 806 4145 Juvenal.
826 4088 897 4143 Eine
918 4086 1051 4142 hritisohc
1086 4082 1306 4150 Untersuchung.
1327 4079 1392 4135 Ber·

236 4176 264 4228 in
285 4175 363 4229 1865.

147 4285 186 4355 ⁸¹)
221 4281 312 4427 lIhpe:
340 4281 486 4340 Rbmische
515 4284 682 4342 Gesohiehte
713 4284 765 4341 IV.
782 4285 832 4339 Bd.
852 4284 970 4355 Leipzig
998 4284 1074 4339 1876.
1104 4299 1131 4352 p.
1151 4282 1211 4336 181.
1249 4279 1391 4336 Drumenn

235 4415 241 4429 .
273 4389 326 4444 .p.
345 4374 405 4429 265.
1332 4403 1335 4407 ·
