2976 4808
106 619 1376 728 QuidintersitintersatiramHoratianametdu·

80 768 453 851 uenaliauam
472 767 528 848 in
557 767 792 872 singulis
821 767 978 849 uitiis
998 718 1377 931 plastigandie?
1394 716 1482 937 βο

208 965 509 1031 Tresltomanorum
518 964 634 1029 satirici
645 963 756 1049 triplex
767 965 881 1031 satirae
893 982 994 1048 genus
1004 966 1262 1047 repraesentant:
1286 963 1380 1027 urba-

102 1095 193 1154 num,
204 1074 350 1153 facetum,
363 1073 503 1138 iocosum
515 1072 685 1152 Horatius;
699 1074 788 1138 triste
802 1075 832 1137 et
844 1091 985 1137 severum
1000 1071 1138 1151 Persius3
1155 1073 1285 1136 mixtum
1303 1088 1379 1154 quo·

104 1181 282 1259 dammodo,
304 1181 360 1246 sed
394 1184 500 1246 tamen
532 1180 662 1245 Horatio
683 1181 821 1265 propius,
847 1199 940 1263 quam
965 1177 1073 1243 Persio
1096 1177 1269 1244 luvenalis.
1290 1178 1381 1242 Atta-

106 1307 180 1353 men
216 1287 312 1352 multa
340 1292 425 1366 sunt,
472 1288 588 1372 quibus
621 1287 782 1353 iuvenalis
818 1288 857 1353 ab
892 1287 1024 1351 Horatio
1049 1286 1190 1352 differat:
1216 1285 1305 1350 cuius
1334 1286 1380 1349 rei

106 1415 231 1460 causam
263 1416 281 1459 a
316 1398 494 1480 temporum
526 1394 737 1479 ingeniorum,
772 1395 950 1460 studiorum
975 1394 1152 1458 diuersitate
1177 1393 1381 1478 repetendam

104 1524 173 1570 esse
198 1504 260 1568 iam
284 1522 379 1588 supra
404 1504 624 1569 demonstrare
648 1503 753 1567 conati
780 1521 900 1567 suiuus.
925 1502 1028 1583 Quare
1053 1500 1378 1566 multoaliamfaciem

104 1611 287 1695 cultumque
313 1612 427 1677 satirae
450 1611 597 1696 Augusto
617 1613 775 1695 regnante
799 1611 888 1674 nasci
902 1629 1032 1674 necesso
1048 1612 1123 1688 erat,
1138 1609 1230 1673 aliam
1242 1608 1379 1684 Nerone,

101 1719 308 1795 Domitiano;
342 1720 437 1784 aliam
460 1720 499 1784 ab
534 1719 663 1784 homine
699 1717 890 1783 Graecorum
921 1719 1033 1783 studiis
1059 1717 1220 1802 perpolito,
1247 1717 1382 1782 aliama

103 1827 180 1907 uiro,
215 1827 359 1909 quamuis
399 1824 590 1892 Graecarum
614 1827 777 1892 literarum
803 1826 886 1891 haud
910 1827 1066 1910 imperito,
1092 1829 1199 1890 tamen
1223 1845 1296 1910 prae
1320 1825 1380 1891 lto·

105 1955 272 2001 manorum
309 1935 422 2000 studiis
457 1935 564 2000 omnia
588 1935 783 2020 despiciente
817 1939 910 2019 atque
941 1954 1042 2018 usque
1078 1935 1118 1999 ad
1155 1936 1291 1999 mediam
1318 1936 1383 1999 lere

107 2046 241 2109 aetatem
266 2041 487 2123 declamatorio
512 2042 616 2108 studio
653 2043 772 2124 dedito,
796 2043 888 2108 aliam
912 2044 949 2108 ab
974 2043 1116 2123 Horatio,
1142 2044 1195 2128 qui
1213 2042 1383 2108 multorum

107 2154 137 2215 et
161 2150 338 2235 principum
372 2149 508 2215 virorum
542 2149 754 2216 familiaritate
778 2152 890 2217 intima
914 2171 1002 2233 usus,
1027 2171 1094 2217 non
1118 2152 1212 2217 ruodo
1237 2152 1384 2217 omnibus

107 2258 186 2323 vitae
211 2258 411 2340 quotidianae
436 2257 518 2322 curis
542 2262 673 2337 uacaret,
688 2280 796 2325 verum
820 2261 916 2326 etiam
939 2262 973 2326 in
996 2261 1166 2326 adfluentia
1198 2261 1381 2344 possideret,

108 2367 193 2431 unde
227 2366 391 2431 commode
429 2366 528 2431 uivere
552 2372 669 2451 posset,
695 2367 787 2433 aliam
812 2369 852 2434 ab
874 2368 1037 2451 iuvenale,
1063 2369 1127 2453 qui,
1152 2356 1294 2452 [paamuis
1318 2388 1384 2434 non

106 2475 176 2540 sine
200 2473 404 2540 facultatibus
429 2477 524 2554 esset,
558 2477 728 2541 tamenab
758 2476 944 2559 aequalibus
979 2459 1045 2542 non
1080 2495 1179 2560 aeque
1209 2475 1384 2541 honoratus

107 2587 201 2668 atque
226 2582 360 2647 forsitan
385 2583 516 2648 meritus
540 2589 624 2648 esset
648 2588 679 2649 et
702 2585 862 2667 uoluisset,
876 2585 1036 2669 pestilenti
1054 2585 1250 2651 mordacitati
1274 2583 1379 2649 indul-

107 2711 182 2775 gere
221 2692 352 2755 naturae
379 2690 513 2775 quadam
539 2693 710 2756 necesitate
743 2696 918 2777 cogeretur.
954 2694 1070 2758 Utrum
1090 2693 1242 2759 Horatius
1263 2712 1304 2757 an
1327 2693 1384 2757 Ju-

108 2798 227 2865 venalis
247 2800 378 2884 ingenio
401 2799 611 2882 praestantior
634 2800 738 2879 luerit,
763 2801 889 2867 difficile
907 2806 955 2867 est
969 2802 1071 2868 dictu:
1098 2803 1200 2887 quoad
1213 2821 1250 2866 ex
1264 2802 1380 2880 satiris,

109 2928 187 2992 quas
223 2906 359 2990 reliquit,
384 2908 521 2992 perspici
545 2911 657 2991 potest,
682 2908 845 2976 luvenalis
863 2931 939 2976 usus
963 2913 1012 2975 est
1034 2911 1164 2996 ingenio
1189 2912 1265 2976 satis
1290 2910 1381 2989 felici,

109 3017 164 3083 sed
189 3020 224 3081 in
245 3016 443 3082 declamandi
467 3017 696 3082 consuetudine
721 3017 791 3102 plus
826 3018 909 3083 iusto
934 3019 1114 3099 exercitato,
1139 3038 1253 3102 neque,
1279 3022 1312 3083 ut
1329 3037 1384 3102 par

109 3125 184 3203 erat,
220 3123 414 3209 disciplinis,
451 3143 530 3208 quae
575 3124 700 3189 satirico
744 3126 940 3191 necessariae
976 3125 1086 3206 erantg
1124 3127 1264 3193 imbuto:
1304 3145 1384 3211 quae

109 3238 214 3297 autem
246 3231 376 3298 virtutos
412 3231 559 3298 iuvenali
585 3233 726 3315 deerant,
751 3231 917 3298 Horatium
941 3235 1068 3319 egregie
1090 3233 1291 3303 adiuvabant.
1316 3233 1384 3316 Quo

107 3340 227 3405 factum
256 3344 315 3420 est,
349 3343 383 3404 ut
406 3339 553 3407 nonnulli
577 3339 705 3405 lectioni
742 3340 924 3405 Venusinae
943 3342 1038 3407 nimis
1063 3341 1185 3406 adsueti
1205 3341 1245 3406 ad
1269 3342 1384 3406 satirici

108 3449 258 3513 carminis
291 3468 435 3513 normam
470 3453 501 3514 et
532 3448 658 3534 regulas
683 3469 720 3514 ex
743 3448 874 3513 Horatio
895 3451 1037 3533 sumptas
1061 3448 1200 3534 reliquos
1219 3449 1381 3532 (irrigantes

108 3554 206 3620 multa
230 3556 410 3632 invenerint
433 3557 468 3621 ιιι
491 3555 644 3622 Juvenale
671 3576 770 3640 „quae
794 3555 1026 3642 reprehendere
1044 3559 1098 3621 aut
1125 3555 1235 3622 tollere
1248 3556 1380 3641 possis.“

215 3716 300 3782 Roth
333 3719 368 3783 in
400 3713 617 3804 disputatione
647 3720 771 3804 saepius
807 3719 869 3784 iam
893 3717 1029 3793 laudata,
1054 3738 1116 3805 pag
1139 3718 1168 3784 ι.
1200 3719 1278 3784 haec
1302 3718 1384 3784 edis·

111 3823 230 3892 ceruit:
272 3845 389 3901 „novae
424 3829 538 3893 satirae
571 3829 631 3893 hoc
659 3832 709 3894 est
744 3827 913 3913 proprium,
938 3830 974 3893 ut
997 3827 1037 3893 ad
1062 3827 1173 3912 poesin
1197 3826 1384 3893 didacticum
1478 3906 1482 3914 ⁸

109 3935 176 3997 tota
208 3934 364 3998 reseratur
396 3935 489 4001 etin
524 3935 577 4001 illa
600 3936 731 4002 materia
765 3936 918 4002 consistat
921 3954 1041 4021 ,quae
1072 3935 1226 4002 eiusmodi
1260 3938 1318 4014 est,
1351 3937 1385 4000 ut

106 4038 208 4106 seculi
231 4061 335 4107 mores
358 4042 430 4107 ab
422 4044 533 4109 rnstitu
513 4045 576 4110 ntis
599 4045 708 4130 patriis
733 4045 901 4111 descivisse
925 4048 1059 4131 arguant
1062 4053 1127 4113 ur.“
1164 4042 1259 4109 Cuius
1284 4061 1385 4109 enun-

61 4124 173 4249 ptiati
185 4168 260 4234 paru
272 4153 342 4234 post
344 4150 425 4215 erior
437 4152 544 4217 nescio
556 4157 642 4218 anto
610 4153 729 4219 totada
741 4152 850 4217 Horat
828 4155 907 4218 trum
919 4150 1000 4217 bene
1015 4171 1049 4218 re
1051 4150 1242 4234 terripossit.
1261 4148 1384 4234 Saepis-

61 4266 184 4329 orme
195 4256 323 4342 qmdcm
334 4256 442 4323 Horat
421 4260 483 4325 trus
496 4259 648 4326 veteris
622 4263 702 4325 ιιι
683 4262 745 4325 rs
754 4256 877 4345 Reguli
891 4257 1008 4337 Scauri,
1022 4252 1121 4344 Pauli
1134 4256 1283 4337 Fabricii
1298 4256 1384 4324 Ourii

61 4340 302 4445 ΪΙΤΙἰιιιιιιιοιιθιιι
325 4364 408 4445 facit,
434 4385 567 4451 quorum
585 4384 687 4433 mores
704 4366 790 4434 domi
812 4338 1422 4454 mittamqueconculcaturum
