2976 4808
656 348 830 418 ..30-

101 591 176 639 men
199 591 308 639 eorum
331 571 472 638 reditum*
505 569 675 649 desiderat,
699 587 766 634 non
789 567 875 634 enim
896 567 1010 635 reverti
1040 554 1134 651 posse
1158 568 1274 651 sperat.
1300 554 1392 647 Quin

102 681 196 748 etiam
218 682 388 761 interdum,
415 679 557 765 quamvis
581 681 664 742 tecte
691 676 890 761 „laudatores
915 675 1068 762 temporis
1093 676 1173 741 acti‘
1201 673 1287 740 salse
1312 675 1391 741 irri-

103 790 229 867 dentur,
256 791 290 853 ut
314 792 348 853 in
372 792 433 855 sat.
458 786 500 853 ll.
526 790 556 867 2,
581 783 641 848 89;

212 897 408 976 „Rancidnm
432 916 541 983 aprum
566 894 688 977 antiqui
711 891 896 976 laudabant,
920 911 987 957 non
1010 891 1082 976 quia
1108 909 1205 955 nasus

212 1005 298 1083 „Illis
323 1004 428 1071 nullus
453 1007 529 1077 erat,
554 1003 611 1068 sed
634 1003 727 1068 credo
751 1001 811 1066 hac
836 1002 953 1079 mente,
980 1002 1066 1083 quod
1089 998 1206 1084 hospes

214 1113 367 1193 ,Tardius
391 1113 561 1178 adveniens
583 1110 725 1175 vitiatum
750 1108 947 1174 commodius
970 1128 1064 1192 quam

212 1219 394 1307 ,Integrum
419 1221 497 1284 edax
522 1219 669 1285 dominus
694 1218 906 1282 consumeret.
932 1216 999 1282 Hos
1023 1217 1146 1281 utinam
1170 1216 1254 1281 inter

214 1328 354 1408 „Heroas
379 1333 488 1394 natum
509 1326 603 1392 tellus
628 1344 676 1391 me
700 1325 801 1410 prima
823 1323 953 1390 tuliseti

210 1434 285 1501 Non
316 1436 361 1501 ita
396 1433 577 1500 Juvenalis:
613 1434 709 1498 satira
743 1433 913 1497 undecima
937 1434 1002 1496 tota
1026 1431 1208 1497 continetur
1231 1428 1387 1495 laudibus

106 1558 188 1626 illius
212 1560 287 1638 aevi,
313 1578 393 1642 quo:

215 1681 349 1763 „Curiae
372 1701 478 1767 parvo,
504 1700 584 1764 quae
608 1679 727 1765 legerat
751 1680 843 1747 horto

217 1789 309 1875 ,Ipse
333 1789 414 1855 locis
438 1789 585 1855 brevibus
608 1788 746 1873 ponebat
768 1788 950 1855 holuscula“
977 1788 1030 1867 xl,
1057 1787 1111 1855 78.
1135 1806 1205 1872 sqq.

216 1896 336 1979 ,Rudis
361 1900 392 1964 at
417 1896 527 1964 Graias
551 1897 657 1962 mirari
680 1898 807 1963 nescius
832 1901 914 1963 artes

217 2004 377 2088 „Urbibus
400 2006 517 2072 aversis
538 2006 725 2090 praedarum
749 2009 782 2070 ln
801 2010 888 2089 parte
911 2008 1036 2090 reperta

217 2113 428 2200 ,Magnorum
451 2113 607 2179 artificum
631 2113 798 2198 frangebat
820 2113 932 2197 pocula
955 2114 1064 2179 miles“
1088 2111 1141 2190 XI,
1169 2109 1231 2177 100
1256 2131 1330 2196 sqq.

215 2223 391 2308 Imaginem
424 2225 564 2288 vetustae
597 2222 707 2286 aetatis
733 2241 918 2305 morumque
942 2219 1161 2306 simplicitatis,
1199 2222 1263 2284 tam
1292 2240 1393 2287 venu-

113 2330 172 2397 stis
196 2331 356 2396 interdum
381 2330 539 2396 coloribus
563 2329 782 2394 adumbratam
820 2328 907 2394 vides
944 2328 982 2393 ab
1022 2325 1187 2406 Juvenum,
1211 2329 1246 2390 ut
1264 2327 1315 2393 uix
1338 2330 1392 2407 sit,

111 2440 195 2523 quod
218 2440 342 2505 mireris
367 2436 604 2520 neutericum)
628 2438 742 2502 satirae
764 2440 795 2503 et
818 2435 917 2519 idyllii
942 2440 1087 2502 naturam
1111 2434 1246 2501 similem
1270 2440 1301 2501 et
1324 2457 1396 2521 pro·

106 2547 257 2631 pinquam
305 2563 374 2610 esse
421 2545 597 2611 contendit.
633 2542 750 2608 Contra
786 2541 918 2628 Rothll)
953 2542 1097 2625 idyllium
1132 2543 1245 2608 satirae
1283 2544 1394 2610 minua

107 2654 230 2738 patiens
264 2671 334 2718 esse
367 2653 537 2718 arbitratur
576 2670 669 2731 ,uam
704 2648 812 2735 idyllia
847 2650 943 2714 satira
978 2651 1106 2733 quidem
1141 2652 1272 2715 ornatur
1295 2655 1395 2736 atque

106 2781 144 2827 ex
167 2760 220 2827 illo
252 2761 424 2826 acrimonia
456 2761 541 2826 inter
575 2759 713 2844 speciem
746 2756 910 2840 idyllieam
935 2734 1057 2930 animpls
1081 2763 1251 2838 recreatur,
1278 2762 1393 2825 contra

107 2868 251 2952 idyllium
276 2889 314 2935 ex
338 2870 434 2936 satira
458 2869 613 2934 coacescit
636 2885 672 2931 ac
696 2865 872 2931 venustatis
896 2884 1006 2950 snaep
1027 2870 1107 2931 rtem
1122 2868 1255 2931 amittit“
1273 2867 1393 2949 Quam·

108 2995 202 3059 quarn
234 2974 312 3040 mihi
345 2974 432 3040 nullo
466 2974 559 3038 modo
589 2971 778 3058 persuadere
816 2992 956 3057 possum,
997 2972 1087 3037 utin
1126 2975 1223 3039 uerba
1246 2973 1395 3039 Teutlelii

107 3085 218 3167 iurem,
241 3081 385 3167 idyllium
409 3086 440 3148 at
465 3082 594 3147 satiram
617 3079 853 3166 propinquitate
877 3081 1013 3165 quadam
1039 3082 1209 3147 coniuncta
1234 3101 1314 3163 esse,
1344 3086 1394 3149 ta·

109 3208 183 3256 men
240 3208 281 3255 ne
336 3187 443 3254 Rothii
500 3189 629 3272 quidem
687 3190 864 3254 sententiae
923 3192 1072 3256 accedere
1114 3190 1203 3258 libet.
1248 3189 1392 3257 Tantum

109 3297 195 3364 enim
227 3297 326 3374 abest,
350 3300 386 3360 ut
417 3294 562 3379 idyllium
596 3314 634 3360 ex
672 3296 767 3361 satira
799 3316 997 3364 coascescere
1022 3301 1192 3383 putem-
1218 3298 1244 3362 si
1262 3299 1395 3381 quidem

109 3404 217 3470 laudes
250 3405 331 3469 vitae
369 3403 525 3486 prIstinae
560 3403 671 3470 aetatis
708 3405 812 3471 satiris
842 3407 978 3473 insertae
1011 3407 1078 3472 iure
1101 3407 1210 3492 idyllia
1234 3408 1395 3473 nominari

109 3514 244 3597 possunt
279 3545 321 3559 -
359 3515 394 3575 ut
426 3510 570 3594 idyllium
594 3512 748 3577 eiusmodi
772 3533 808 3579 eo
832 3515 949 3579 maiore
973 3519 1137 3581 venustate
1160 3519 1254 3598 atque
1279 3515 1396 3581 decore

111 3621 216 3687 ornari
242 3618 430 3685 existimem.
453 3617 598 3704 Namque
637 3639 674 3685 ex
709 3623 941 3707 comparatione
965 3623 1045 3688 uitae
1070 3622 1284 3707 simplicitatis
1316 3643 1392 3689 aum

110 3747 234 3795 morum
268 3726 490 3811 depravatione
526 3747 561 3793 ac
595 3729 787 3813 turpitudine
825 3751 861 3795 eo
897 3729 1033 3815 planius,
1059 3732 1135 3815 quid
1158 3731 1284 3796 intersit
1309 3733 1395 3798 inter

112 3839 220 3902 nostra
257 3798 392 3929 illaqudo
432 3838 583 3920 tempora,
632 3837 783 3917 videmus,
809 3856 845 3902 ec
881 3837 1100 3904 vehementius
1141 3837 1329 3904 attrahimur
1353 3841 1396 3906 ad

110 3943 197 4010 illam
219 3946 364 4021 aetatem,
387 3942 475 4008 ouius
499 3942 608 4009 laudes
633 3943 687 4009 illo
712 3944 820 4029 idyllio
844 3947 1057 4026 continentur,
1084 3967 1120 4014 eo
1140 3946 1394 4014 faciliusvenus·

112 4052 177 4116 tate
200 4048 358 4127 carminis,
384 4066 446 4134 quo
467 4049 700 4137 describuntur,
725 4049 927 4122 delectamur.

120 4214 187 4282 ⁴⁵)
223 4212 276 4267 Die
304 4212 447 4267 Literatur
472 4210 540 4268 iiber
569 4211 713 4269 Juvenalis
743 4214 797 4269 seit
817 4214 878 4270 dem
895 4214 981 4272 Jahre
1002 4217 1081 4274 1840.
1102 4216 1190 4274 Jahne
1217 4217 1394 4278 Jahrbiieher

218 4303 270 4359 eo.
290 4304 333 4357 ee.
352 4317 379 4372 p.
395 4303 439 4358 er.

120 4402 125 4427 ³
150 4392 189 4467 ⁹⁸)
223 4391 265 4448 De
290 4392 392 4448 satirae
419 4393 519 4447 natura
545 4392 764 4449 commeentatio.
786 4392 1156 4469 cerularium-programm
1176 4416 1237 4455 num
1257 4400 1395 4473 llrlanger

218 4482 376 4543 dubilaeum
394 4480 540 4557 Niirnberg
560 4484 638 4543 1848.
655 4500 682 4559 p.
704 4486 729 4541 8.
1423 4476 1428 4483 ’
