2976 4808
653 292 830 360 -31..

208 512 369 582 luvenalis
393 511 487 579 homo
512 528 585 577 uere
610 509 771 575 Romanus
796 512 854 588 est,
878 511 1038 577 Romanos
1062 530 1080 576 a
1103 510 1259 598 principio
1271 511 1380 591 fortes,

103 624 234 711 integris
265 621 405 688 moribus
436 618 536 685 fuisse
560 616 735 698 contendit,
762 637 841 701 quae
865 617 971 683 omnia
994 638 1012 683 a
1035 617 1164 686 Graecis
1187 622 1219 686 et
1242 619 1385 706 peregri·

103 733 152 797 nis
176 732 342 815 depravata
362 730 458 811 atque
483 727 627 809 corrupta
651 742 731 803 esse,
766 722 981 790 Rornanorum
1005 725 1077 791 uitia
1102 726 1241 810 antiquis
1262 731 1380 810 tempo·

101 839 189 905 ribus
223 836 323 901 fuisse
348 832 448 914 nulla,
476 852 493 896 a
517 830 644 897 Graecis
670 832 795 896 demum
820 832 914 896 simul
939 851 1009 897 eum
1036 831 1202 919 disciplina
1225 835 1257 897 et
1279 831 1380 917 philo-

102 945 232 1031 sophiae
266 943 371 1007 studio
408 958 477 1005 esse
508 938 624 1004 inlata:
663 939 703 1003 ad
736 939 905 1022 pristinum
935 941 1051 1004 statum
1087 941 1207 1006 civibus
1230 939 1381 1006 Romanis

101 1051 329 1120 revertendum
358 1066 426 1113 esse
458 1045 519 1111 nisi
556 1046 596 1111 ad
631 1045 803 1131 perniciem
834 1046 919 1111 trudi
942 1046 1051 1112 velint.
1086 1048 1155 1130 Quo
1179 1049 1225 1132 fit,
1249 1052 1284 1113 ut
1307 1048 1381 1114 vitia

103 1161 221 1228 aetatis
236 1177 310 1223 suae
323 1175 387 1220 non
402 1153 685 1239 quaemadmodum
695 1154 843 1220 Horatius
861 1154 980 1220 sensim
1005 1156 1204 1221 emendanda
1217 1156 1264 1222 vel
1278 1157 1381 1242 potius

105 1266 288 1342 minuenda,
313 1263 368 1328 sed
400 1261 552 1327 radicitus
576 1260 746 1340 euellenda,
772 1266 866 1345 atque
903 1264 1104 1349 exstirpanda
1138 1283 1207 1330 esse
1241 1270 1379 1346 censeat,

109 1379 144 1440 ut
168 1392 233 1440 non
256 1371 393 1437 ludendo
417 1372 548 1456 pungat,
574 1370 631 1436 sed
655 1370 810 1436 cachinno
835 1373 971 1456 quodam
997 1371 1144 1457 flagellet,
1169 1392 1233 1439 non
1257 1376 1383 1439 moneat

107 1479 267 1566 lepideque
291 1477 475 1545 adhortetur
509 1476 565 1542 sed
589 1476 815 1563 immagiuibus
840 1480 1017 1560 horrendis,
1044 1482 1167 1547 avitiis
1193 1480 1381 1549 sceleribus·

107 1609 166 1674 que
200 1591 376 1661 absterrere
412 1590 556 1654 conetur.
595 1586 736 1664 Accedit,
768 1590 852 1671 quod
876 1590 939 1655 vita
963 1591 1118 1654 castrensi
1144 1610 1248 1656 mores
1273 1594 1384 1675 poetae

59 1754 64 1797 ἶ
104 1698 300 1784 aliquantum
313 1696 520 1763 obduruerint
533 1695 747 1781 paulatimque
760 1695 805 1759 illi
820 1696 935 1761 nimiae
949 1695 1107 1762 severitati
1120 1697 1272 1780 adsuevit,
1289 1718 1384 1782 quam

59 1800 68 1871 ἱ
103 1805 271 1872 Teuffelius
306 1805 484 1871 rectissima
534 1801 942 1881 „Landskneohtsmanier“
991 1801 1169 1889 appellavit,
1209 1804 1289 1869 nihil
1321 1805 1383 1871 nisi

104 1913 203 1979 malas
241 1913 375 1980 civitatis
410 1914 515 1998 partes
549 1913 644 1989 videt,
670 1912 903 1996 praetermittit,
929 1911 1006 1995 quid
1030 1911 1105 1976 boni
1128 1913 1279 1994 restabat,
1304 1932 1379 1998 prae

105 2021 201 2086 nimia
212 2021 259 2086 ira
270 2021 554 2106 indignationeque
577 2039 688 2085 causas
713 2018 867 2085 malorum
892 2038 1063 2104 eorumque
1077 2019 1233 2105 originem
1244 2023 1382 2104 praeter·

105 2128 199 2209 uidet,
213 2132 319 2195 omnia
343 2130 480 2214 denique
504 2131 585 2194 mala
607 2131 741 2194 insuam
753 2131 888 2193 aetatem
901 2127 998 2194 solam
1014 2129 1157 2195 conterre
1170 2147 1237 2194 non
1248 2129 1380 2194 dubitat.

217 2270 288 2355 ,Ad
309 2273 445 2338 mediam
468 2272 534 2338 lere
558 2276 692 2338 aetatem
715 2272 877 2338 luvenalis
900 2271 1114 2350 declamavit,“
1135 2272 1219 2355 quod
1242 2273 1383 2338 studium

107 2379 191 2446 houd
227 2381 291 2446 scio
327 2400 369 2446 au
405 2379 539 2446 multum
575 2381 614 2445 ad
634 2381 748 2445 satirae
772 2381 838 2445 eius
862 2381 993 2446 uirtutes
1017 2382 1179 2464 augendas
1204 2379 1383 2446 contulerit.

59 2558 66 2581 .-
103 2487 183 2555 Inde
210 2489 293 2556 enirn
318 2488 436 2554 factum
461 2492 519 2568 est,
545 2494 578 2553 at
602 2494 694 2573 poeta
712 2506 877 2571 uunquam
904 2487 969 2553 fere
993 2506 1091 2570 aeque
1116 2490 1209 2573 atque
1233 2486 1385 2553 Horatius

59 2680 63 2689 Ι
106 2602 205 2662 artem
231 2594 453 2661 dissimulandi
475 2600 560 2661 recta
584 2594 744 2674 adhibeat,
768 2602 803 2659 ut
825 2595 962 2679 saepius,
987 2614 1082 2676 quam
1105 2615 1162 2678 par
1186 2600 1243 2675 est,
1267 2596 1386 2660 doctri-

59 2732 68 2741 ··
106 2722 180 2769 narn
204 2723 280 2788 prae
305 2722 340 2769 sa
362 2702 443 2767 ferat
465 2706 627 2786 artemque
653 2703 800 2768 ostendat
824 2707 917 2786 atque
943 2699 1161 2767 declamatoris
1185 2702 1292 2786 frigidi
1311 2724 1383 2787 par-

107 2814 153 2878 tes
182 2815 254 2877 tum
278 2814 444 2895 sustineat,
477 2832 550 2877 oum
573 2812 697 2877 animus
718 2811 860 2878 veritatis
885 2810 1058 2895 imaginem
1082 2810 1300 2895 exspectato)
1325 2808 1385 2891 Qut

108 2920 202 2985 nimis
237 2919 370 3003 grandis
401 2938 510 3001 sonus,
541 2938 733 3003 quamquam
758 2937 824 2984 non
847 2921 890 2983 ita
913 2938 1058 3004 prorsus,
1088 2922 1196 2984 tamen
1219 2938 1257 2985 ex
1280 2918 1386 3004 aliqua

110 3031 192 3093 certe
224 3032 313 3112 parte
337 3030 479 3093 excusari
514 3047 550 3092 ea
572 3048 606 3093 re
622 3031 744 3111 potest,
769 3028 854 3111 quod
877 3027 1074 3112 castigantur
1098 3030 1192 3111 atque
1215 3026 1386 3111 reprehen-

59 3208 72 3219 „
110 3133 228 3200 duntur
251 3135 327 3202 uitia
350 3136 476 3216 maiora,
501 3156 595 3220 quam
621 3154 700 3219 quae
733 3135 832 3200 risum
855 3154 982 3200 movere
1005 3134 1138 3220 possint,
1164 3153 1260 3218 quare
1285 3135 1387 3221 stylus

107 3242 141 3307 in
172 3262 211 3309 ea
242 3244 335 3330 paulo
369 3244 471 3311 acrius
505 3248 572 3309 erat
605 3245 822 3329 stringendus,
860 3264 954 3328 quam
987 3245 1020 3311 in
1046 3264 1092 3323 ea,
1125 3263 1205 3328 quae
1237 3243 1387 3308 Horatius

109 3350 171 3418 sibi
195 3353 441 3437 perstringenda
464 3356 558 3435 atque
583 3352 769 3436 castiganda
790 3351 963 3437 proposuit.
992 3349 1115 3435 Neque,
1141 3351 1167 3416 si
1193 3351 1269 3434 quid
1292 3355 1386 3436 poeta

110 3459 208 3526 nimia
228 3479 335 3525 rerum
358 3460 599 3545 exaggeratione
618 3462 768 3545 peccavit,
792 3458 986 3525 vitiumhoc
1010 3463 1077 3525 erat
1101 3459 1199 3544 ipsius
1224 3460 1280 3524 sed
1303 3463 1388 3524 aeta·

111 3566 163 3650 tis,
187 3586 249 3651 qua
268 3570 351 3635 vluit.
394 3567 468 3635 Non
502 3568 605 3635 solum
640 3568 725 3634 enim
761 3569 859 3634 satira
891 3566 974 3633 illius
1012 3568 1122 3633 aetatis
1159 3568 1388 3651 desperationis

112 3675 272 3758 quandam
294 3677 428 3742 formam
451 3676 565 3757 induit,
589 3696 698 3744 verum
722 3676 815 3742 etiam
839 3675 873 3741 iu
897 3695 989 3760 prosa
1012 3675 1153 3741 oratioue
1174 3673 1260 3740 haud
1280 3674 1389 3741 laetio-

112 3801 181 3848 rem
220 3803 401 3871 expressam
437 3785 525 3852 uides
558 3786 740 3870 imaginem.
775 3784 899 3850 Plinius
924 3788 1007 3849 certe
1030 3782 1086 3863 IV,
1112 3781 1166 3865 20,
1191 3781 1223 3849 5.
1247 3783 1388 3850 haecde

111 3912 170 3959 sua
193 3896 294 3961 aetate
316 3895 477 3980 queritur:
506 3894 592 3977 „Quo
612 3897 642 3960 to
654 3896 769 3976 vertas,
789 3912 869 3977 quae
882 3893 1021 3959 remedia
1041 3890 1240 3976 conquiras?
1262 3889 1389 3977 Utique

59 3999 187 4307 Kallia
209 4002 357 4069 remediis
383 4001 540 4068 fortiora.“

61 4244 64 4249 .
110 4236 328 4251 ffl

82 4316 86 4325 ι

71 4370 80 4387 .⁶

87 4272 186 4403 33²=.„.,.)
222 4329 281 4387 Set
308 4328 360 4401 Χῐ,
386 4329 446 4384 162·
468 4342 525 4399 soo-
552 4321 631 4400 Xlss,
663 4327 708 4399 aa,
726 4343 784 4398 sqq.
803 4321 894 4399 manag
911 4322 931 4383 r.
949 4321 969 4382 1.
989 4340 1016 4397 p.
1035 4323 1079 4381 47.
1094 4325 1128 4380 aa
1146 4336 1174 4396 p.
1200 4294 1398 4399 camma.

59 4388 82 4527 ι
161 4428 170 4441 ’
221 4416 354 4493 „Studien
373 4418 430 4475 und
449 4417 707 4474 Charakteristikeu
726 4433 754 4492 p.
771 4419 835 4476 420,
1082 4439 1086 4447 .
