2976 4808
674 217 827 280 -5-.

217 431 253 509 X,
294 432 344 498 76.
378 430 504 514 llquitis
542 431 704 494 cuuisdam
740 430 900 494 fortunam
944 430 1097 497 describit
1137 450 1208 496 eum
1254 431 1392 497 mulione

114 541 248 623 quodam
273 538 449 603 conlatam:

326 663 526 739 ducendus,
550 663 678 746 probus
703 663 870 740 innocens,
896 663 1025 743 amicus,

327 769 470 853 „Lingua
495 770 608 834 doetus
631 777 775 854 utraque,
801 770 889 835 cuius
913 789 1013 835 unum
1037 777 1098 853 est,

330 876 414 958 „Sed
436 895 586 961 maguum
612 877 729 959 vitium,
755 878 838 961 quod
865 882 913 942 est
937 883 1037 962 poeta,

331 981 438 1061 „Pullo
462 983 604 1049 Maevius
630 984 714 1070 alget
737 985 772 1049 in
796 985 927 1071 cucullo,

326 1090 445 1169 ‚Ooccc
471 1090 566 1157 mulio
586 1092 686 1178 fulget
710 1092 894 1163 Incitatus.“

115 1434 183 1516 De
239 1435 448 1527 natura,
501 1433 756 1526 moribus,
811 1435 1020 1537 ingenio
1076 1434 1285 1518 Horatii
1340 1438 1389 1519 et

596 1575 894 1660 dorsualis.

211 1740 250 1803 ln
274 1739 481 1804 aestimandis
501 1739 638 1803 cuiusuis
663 1737 826 1822 scriptoris
851 1739 992 1803 moribus
1029 1737 1116 1804 ante
1137 1741 1242 1805 omnia
1278 1740 1388 1806 obser·

104 1847 241 1911 vandum
266 1852 324 1911 est.
350 1865 401 1926 ne,
427 1848 531 1928 quoad
555 1846 623 1910 lieri
648 1846 759 1929 possit,
796 1866 890 1930 opera
925 1851 956 1911 et
991 1867 1096 1912 mores
1132 1847 1200 1912 eins
1233 1849 1318 1912 iuter
1355 1869 1388 1913 se

105 1956 315 2040 misceantur3
341 1953 428 2019 nullo
453 1954 550 2039 igitur
574 1955 667 2019 modo
694 1973 882 2018 eoncessum
908 1959 966 2037 est,
992 1960 1119 2040 propter
1143 1956 1296 2022 honestos
1321 1978 1386 2021 mo-

102 2081 154 2127 res
178 2082 273 2146 opera
293 2066 414 2147 poetae,
440 2066 495 2126 aut
519 2063 649 2127 omniuo
670 2062 833 2147 scriptoris
858 2061 956 2146 pluris
982 2062 1149 2127 aestimare
1174 2081 1279 2146 neque
1313 2044 1384 2148 pro·

100 2174 172 2256 pter
199 2190 293 2254 opera
313 2172 381 2235 eius
414 2170 540 2255 egregia
576 2190 698 2235 morum
729 2171 873 2236 foeditati
906 2170 1083 2255 indulgere.
1129 2170 1246 2235 Poetae
1280 2191 1384 2236 mores

103 2299 141 2343 ex
180 2280 327 2363 operibus
350 2278 450 2364 ipsius
494 2279 654 2344 aestimari
696 2299 762 2345 non
797 2299 900 2363 posse,
939 2279 1078 2343 ostendit
1113 2278 1175 2342 iarn
1211 2278 1382 2364 Ouidius⁹)‚

101 2387 383 2470 quamquamhuic
403 2386 610 2471 poetaehaud
635 2387 678 2450 ita
702 2406 817 2470 magna
840 2386 919 2451 fides
943 2386 1092 2451 habenda
1117 2390 1175 2466 est,
1200 2387 1314 2471 quippe
1329 2390 1384 2470 qui

102 2511 160 2575 pro
185 2494 278 2558 domo
298 2513 355 2558 sua
379 2492 464 2578 loqui
489 2493 640 2558 videatur.
670 2492 715 2556 lla
741 2494 823 2557 enim
846 2513 880 2557 re
905 2512 938 2558 se
968 2493 1071 2576 ipsum
1106 2513 1255 2559 excusare
1288 2514 1382 2559 eona-

99 2607 152 2666 tus
178 2603 236 2679 est,
255 2602 338 2685 quod
362 2605 427 2666 arte
452 2601 605 2665 amatoria
630 2601 746 2682 scripta
773 2601 857 2665 haud
880 2601 924 2665 ita
949 2621 1100 2687 magnum
1123 2601 1227 2667 scelus
1252 2603 1382 2667 commi·

100 2710 207 2789 sisset,
243 2714 277 2775 ut
310 2711 344 2775 in
379 2715 554 2775 extremum
579 2709 725 2792 Scythiae
751 2708 904 2793 angulum
935 2709 1138 2795 relegaretur.
1165 2709 1381 2776 Nihilominus
1416 2748 1420 2753 -

99 2818 268 2883 tamenin
300 2818 450 2882 maximas
485 2818 654 2882 incurrunt
689 2816 904 2896 difficultates,
939 2817 993 2901 qui
1024 2819 1058 2882 in
1090 2822 1201 2902 poetae
1234 2817 1380 2903 operibus

100 2924 307 2990 aestimandis
344 2944 437 3009 opera
462 2925 644 2990 amoribus
669 2943 734 2989 non
764 2925 840 2989 satis
876 2927 1020 2989 accurate
1052 2925 1251 3006 distinguant
1286 2929 1380 3009 atquo

100 3037 280 3099 secernant.

207 3136 359 3207 Horatius
383 3141 519 3206 libenter
540 3162 576 3207 ac
602 3161 696 3227 saepe
734 3139 899 3206 occasione
933 3140 1005 3205 data
1040 3141 1077 3204 de
1109 3160 1166 3206 sua
1203 3144 1315 3206 natura
1341 3144 1382 3206 'ao

103 3250 245 3315 moribus
270 3249 420 3333 loquitur,
447 3252 608 3313 attamen
634 3268 701 3314 non
726 3267 851 3332 sempor
875 3268 912 3310 ex
937 3247 1027 3312 dietis
1051 3252 1163 3332 poetae
1186 3267 1294 3315 verum
1311 3247 1384 3315 elici

100 3359 215 3442 potest.
261 3357 373 3440 ltaque
396 3359 429 3421 iu
454 3359 551 3422 satira
576 3357 599 3437 l,
638 3357 667 3421 6.
695 3357 756 3422 rita
780 3374 946 3438 moresque
981 3359 1091 3438 poetae
1123 3356 1238 3439 optime
1272 3355 1382 3440 depin-
1446 3372 1451 3381 ·

36 3522 40 3527 .
100 3467 230 3549 guntur,
253 3466 403 3531 docemur
427 3464 464 3528 de
489 3471 599 3548 poetae
623 3467 725 3549 patrio
756 3466 916 3546 patreque,
953 3462 1007 3545 qui
1040 3480 1164 3526 summa
1194 3480 1264 3526 eum
1295 3481 1379 3527 reve·

102 3573 209 3637 nentia
231 3573 458 3655 gratisimoqne
485 3571 590 3635 animo
627 3576 901 3635 commemoratur.
949 3569 1188 3655 lutrospioimus
1219 3572 1254 3634 in
1288 3571 1382 3635 vitam

101 3684 213 3763 poetae
244 3679 424 3763 iuvenilem,
451 3680 620 3763 accipimus
638 3661 800 3744 'nonnulla
830 3679 867 3744 de
893 3679 959 3742 eius
984 3679 1107 3757 studiis,
1125 3678 1382 3762 quibusRomae‚

104 3788 221 3870 quibus
256 3786 393 3851 Athenis
417 3788 543 3852 deditus
576 3791 652 3871 erat,
685 3788 723 3850 dc
746 3787 865 3870 proelio
898 3787 980 3870 apud
1006 3786 1167 3871 Philippos
1202 3788 1382 3867 commisso,

149 4000 172 4071 ’)
209 4000 294 4056 Trist.
317 4000 352 4071 V,
383 4004 434 4056 357
460 4032 484 4040 --
512 4005 571 4057 360.
611 4003 733 4057 Plinium
755 4005 837 4058 etiarn
866 4003 985 4073 legimus
1012 4003 1247 4074 hendecasyllabo
1275 4021 1383 4077 compo-

213 4091 308 4147 suisse.
348 4090 414 4145 Cum
436 4108 499 4146 vero
519 4094 602 4147 amici
624 4094 733 4164 saepius
756 4095 922 4149 mirarentur
942 4110 1004 4148 eum
1025 4095 1134 4148 omnino
1153 4094 1225 4148 hano
1245 4110 1302 4149 rem
1329 4095 1383 4150 sibi

211 4178 386 4237 tractandam
414 4182 559 4254 delegisse,
587 4200 644 4238 rem
674 4185 732 4237 viro
763 4199 858 4239 severo
886 4184 1000 4240 minime
1030 4185 1150 4255 dIguam,
1179 4201 1324 4241 excusasse
1354 4201 1382 4241 se

138 4352 145 4357 -
210 4269 299 4329 fertur
324 4274 448 4345 exemplo
478 4275 598 4329 virorum
626 4275 844 4331 clarissimorum
875 4275 989 4346 optimis
1016 4274 1145 4348 moribus,
1173 4277 1220 4347 qui
1248 4276 1382 4332 eiusmodi

105 4420 109 4425 ,
132 4434 137 4445 ‚
208 4366 391 4419 rectractare
412 4380 464 4420 uon
485 4364 642 4419 dudritareut
662 4363 709 4437 (V,
728 4367 753 4420 3.
778 4364 826 4438 Ill³
849 4366 904 4435 14).
