2976 4808
664 321 828 389 48-

112 538 332 626 ingrediantur
363 543 457 626 viam,
491 563 571 629 quae
595 543 636 608 sit
659 542 708 608 via
730 540 915 626 virtutis.⁵³)
956 540 1033 606 Eam
1056 561 1127 609 esse
1157 547 1306 610 naturam
1332 544 1389 611 ho·

112 649 243 727 minum,
280 670 360 735 quse
384 652 470 717 haud
491 653 536 717 ita
559 649 649 717 facile
667 650 708 715 ad
730 653 847 714 rectam
873 650 1047 715 deducatur
1071 650 1162 729 viam,
1187 655 1318 736 propter
1344 651 1389 717 le·

111 757 238 823 uitatem
262 760 420 843 quandam
445 761 583 840 insitam,
608 759 658 826 sin
682 762 787 824 autem
810 758 985 823 calamitate
1010 759 1145 842 quadam
1170 759 1240 842 quis
1257 778 1391 844 oppres-

112 886 167 932 sus
199 867 239 932 ad
262 868 435 954 sapientiae
460 873 627 954 praecepta
650 868 763 932 reverti
787 867 902 950 cupiat,
927 869 1048 931 remoto
1072 865 1211 951 periculo
1235 866 1274 931 ad
1303 871 1389 932 vete-

109 994 145 1041 ra
178 974 386 1042 libentissime
417 980 556 1043 recurrat
580 977 716 1061 viciam)
741 973 852 1056 Neque
877 973 909 1037 id
935 974 1084 1056 pravitate
1109 973 1245 1057 quadam
1270 975 1387 1040 ductos

109 1080 255 1149 homines
279 1085 474 1151 committere
499 1090 589 1169 pocta
613 1083 787 1162 contendit,
812 1082 868 1146 sed
892 1101 963 1145 cuin
987 1085 1105 1145 rectam
1130 1081 1280 1164 ignorent
1294 1083 1387 1161 viam,

111 1191 206 1269 „duim
239 1191 340 1256 vitant
374 1190 460 1257 stulti
493 1194 576 1271 vitia,
617 1192 650 1255 in
674 1189 831 1255 contraria
855 1195 1013 1267 currera“‚
1037 1187 1192 1271 permulta
1212 1187 1287 1252 vitia
1309 1190 1387 1255 inde

110 1298 264 1383 originem
287 1319 376 1364 suam
402 1300 525 1382 ducere,
550 1301 634 1383 quod
655 1318 747 1363 nemo
772 1298 846 1374 l'ere,
874 1297 970 1381 „quid
995 1294 1211 1378 bonumquid
1234 1295 1311 1361 utile
1332 1297 1384 1381 sit,

110 1405 185 1488 quid
210 1408 304 1486 ncn,“
332 1410 416 1472 recte
439 1407 570 1483 noverit,
590 1407 738 1490 quodque
763 1424 873 1469 omnes
902 1402 1002 1481 ,inala
1027 1402 1160 1467 stultitia
1192 1402 1386 1488 inscitiaque

110 1514 174 1577 veri
213 1517 371 1597 tamquam
409 1515 492 1578 caeci
524 1518 677 1599 agantur“
703 1519 775 1595 (sat.
804 1514 824 1591 l,
851 1511 903 1576 tl.
929 1511 969 1589 ll,
999 1510 1028 1585 3,
1055 1509 1122 1591 43.)
1144 1510 1222 1575 alios
1244 1512 1386 1597 denique

109 1620 189 1685 viam
227 1622 354 1706 quidem
386 1622 510 1687 virtutis
544 1626 671 1686 unicam
707 1621 787 1685 viam
824 1638 1007 1703 agnoscere,
1035 1637 1113 1700 quae
1138 1619 1178 1682 ad
1201 1617 1386 1685 felicitatem

110 1727 212 1809 ducat,
237 1730 374 1794 eandem
397 1735 505 1795 tamen
524 1734 557 1795 ut
582 1729 675 1794 nimis
700 1728 829 1792 arduam
854 1727 1066 1805 reformidare,
1082 1727 1186 1791 tritam
1211 1726 1317 1811 potius
1342 1730 1386 1793 s·

109 1835 311 1920 ciliciamque
335 1838 498 1923 ingressos
530 1857 633 1922 neque
658 1835 817 1902 doloribus
842 1854 944 1918 neque
968 1835 1239 1899 adurcniticnibus
1270 1857 1288 1899 a
1314 1857 1385 1920 prc-

111 1944 213 2028 positc
237 1943 326 2010 avelli
359 1968 461 2032 posse.
495 1949 534 2013 ln
568 1967 629 2031 qua
654 1945 834 2010 diversitate
858 1941 1029 2007 voluntatis
1053 1942 1271 2025 laetorumque
1302 1943 1385 2009 haud

109 2050 222 2114 mirum
258 2072 339 2136 esse,
375 2057 460 2140 quod
494 2055 633 2121 hcrrrinis
661 2052 839 2139 „sententia
862 2070 969 2116 secum
993 2070 1117 2134 seinper
1141 2056 1274 2135 pugnet,
1300 2052 1385 2136 quod

108 2176 208 2242 nuper
231 2161 365 2245 petierit,
391 2182 477 2229 nunc
497 2165 636 2248 spernat,
661 2164 791 2246 repetat.
816 2160 900 2243 quod
926 2177 1027 2244 nuper
1046 2157 1197 2237 omiserit,
1216 2162 1385 2224 aestuetet

108 2265 187 2330 vitae
227 2268 445 2336 disconveniat
477 2271 587 2335 ordine
626 2272 700 2345 tcto,
727 2268 830 2332 diruat
848 2266 1002 2343 aedificet,
1030 2268 1130 2330 mutet
1155 2266 1310 2349 quadrata
1333 2287 1383 2333 rc-

108 2375 216 2440 tundis
241 2376 388 2462 (epistula
413 2378 435 2443 l.
466 2378 490 2442 l.
518 2377 608 2461 197.)
630 2376 714 2460 quod
739 2394 832 2440 nernc
856 2392 902 2455 ec,
928 2393 1022 2457 quain
1044 2372 1105 2437 sibi
1129 2376 1245 2437 sortem
1263 2392 1383 2439 numen

107 2477 256 2565 largitum
280 2485 332 2568 sit,
357 2486 434 2549 satie
458 2487 628 2550 contentus
646 2483 728 2548 vivat
761 2501 945 2567 seiiipeique
970 2480 1074 2544 laudet
1099 2479 1220 2545 diversa
1245 2499 1383 2564 sequen·

107 2590 275 2669 tes.“(sac.
310 2591 334 2669 l,
361 2591 390 2671 l,
418 2590 505 2676 108.)
531 2592 593 2657 Sed
614 2595 730 2667 tamen,
757 2610 949 2674 quamquam
974 2587 1125 2652 Horatius
1150 2593 1296 2653 naturam
1323 2590 1381 2655 hu·

108 2714 233 2760 manain
268 2701 332 2762 tam
367 2699 539 2781 infirmam,
579 2703 706 2782 tamque
737 2697 873 2763 debilem
897 2716 968 2762 esse
992 2697 1172 2776 arbitratur,
1198 2703 1232 2760 ut
1256 2717 1383 2783 semper

107 2806 226 2868 rectum
261 2825 387 2871 cursum
423 2812 532 2873 tenere
567 2827 670 2891 neque
707 2825 845 2888 unquam
895 2823 912 2866 a
948 2804 1071 2867 virtutis
1094 2803 1143 2868 uia
1164 2803 1334 2869 deflectere
1355 2807 1384 2871 ei

105 2894 289 2995 pertimere
325 2916 375 3000 sn,
412 2935 505 3000 posse
536 2921 644 2981 tamen
677 2915 837 2979 cornicem
875 2911 923 2976 cei
960 2911 1104 2975 maximis
1129 2911 1209 2975 isiciis
1234 2911 1383 2978 cerulum

106 3019 145 3083 ad
169 3020 264 3085 citam
285 3020 450 3089 honestam
476 3024 587 3090 reverti
621 3041 786 3105 nunquam
812 3021 967 3105 desperat,
993 3022 1085 3084 modo
1112 3039 1152 3082 ne
1177 3019 1259 3083 desit
1272 3021 1382 3087 volun-

105 3130 165 3205 tas,
201 3129 294 3194 mcdc
325 3150 365 3195 ne
393 3131 511 3215 ,pudor
544 3129 645 3195 malus
681 3128 848 3193 stultorum
872 3128 1015 3191 incurata
1039 3125 1144 3191 ulcere
1168 3126 1264 3191 celet“
1293 3127 1377 3214 Epp.

104 3233 130 3317 1,
158 3234 208 3317 ic,
233 3237 286 3302 sc.

213 3361 372 3446 „Invidus
398 3365 578 3443 iracundus,
603 3364 699 3444 iners,
723 3364 863 3442 vinosus,
884 3366 1015 3438 arcator,

214 3467 335 3546 ,Nemo
359 3471 436 3537 adeo
461 3472 546 3537 serus
570 3476 627 3549 est,
654 3476 687 3537 ut
710 3491 776 3537 ncn
801 3471 966 3535 mitescere
990 3468 1099 3552 possit,

212 3573 267 3657 ,Si
290 3578 384 3643 modo
408 3577 548 3644 culturae
573 3578 744 3664 patientem
768 3579 946 3644 commodet
969 3580 1106 3642 aurem.“

209 3698 284 3766 Non
319 3708 404 3768 enirn
434 3705 582 3770 omnibus
614 3706 721 3771 datum
753 3710 801 3771 est
825 3726 948 3772 summa
968 3703 1130 3788 consequi,
1147 3708 1216 3783 „est
1240 3705 1379 3786 quadam

103 3806 227 3887 prodire
248 3811 352 3892 tenus,
386 3813 412 3875 si
442 3831 506 3877 non
532 3813 624 3877 datur
646 3812 745 3879 ultra“
762 3813 856 3900 (llpp.
882 3814 907 3887 l,
936 3816 964 3894 1,
986 3810 1055 3897 28)
1080 3812 1136 3876 sed
1160 3813 1199 3876 ad
1225 3831 1302 3895 opus
1327 3815 1398 3880 in··

102 3919 228 3997 ceptum
260 3916 346 3981 nulla
379 3939 467 3984 mora
503 3920 690 4005 interposita
721 3921 971 4008 adgrediendum
1008 3923 1066 3992 est,
1091 3939 1164 3984 nam
1194 3920 1380 3997 „dimidium

102 4114 313 4125 ——-—.

140 4183 176 4252 ⁵⁸)
212 4182 253 4237 Ne
285 4202 363 4240 eures
393 4202 433 4258 ea,
452 4203 520 4259 quae
541 4187 622 4243 stulte
641 4190 752 4244 miraris
772 4192 797 4243 et
815 4192 901 4259 optes,

209 4272 321 4330 Discere
344 4279 370 4332 et
389 4276 485 4332 audire
505 4280 534 4334 et'
550 4277 659 4334 meliori
680 4278 791 4334 eredere
811 4294 865 4333 ucn
884 4279 950 4334 vis?
968 4278 1038 4349 Epp.
1061 4282 1084 4349 1,
1107 4282 1129 4349 l,
1149 4278 1192 4333 47.

139 4363 178 4433 “)
219 4398 285 4434 „.=.
415 4408 422 4423 .
459 4408 466 4421 .
503 4368 569 4424 tolle
589 4369 724 4441 periclum

210 4457 290 4529 ,Jam
309 4474 379 4529 vaga
397 4458 525 4532 prosiliet
544 4458 630 4517 frenis
650 4464 749 4518 natura
770 4461 891 4517 remotis.
