<?xml version="1.0" encoding="UTF-8"?>
<!DOCTYPE html PUBLIC "-//W3C//DTD XHTML 1.0 Transitional//EN"
    "http://www.w3.org/TR/xhtml1/DTD/xhtml1-transitional.dtd">
<html xmlns="http://www.w3.org/1999/xhtml" xml:lang="en" lang="en">
 <head>
  <title>
</title>
<meta http-equiv="Content-Type" content="text/html;charset=utf-8" />
  <meta name='ocr-system' content='tesseract 3.04.00' />
  <meta name='ocr-capabilities' content='ocr_page ocr_carea ocr_par ocr_line ocrx_word'/>
</head>
<body>
  <div class='ocr_page' id='page_1' title='image "./dehoratioetjuve00majcgoog_0018.png"; bbox 0 0 2976 4808; ppageno 0'>
   <div class='ocr_carea' id='block_1_1' title="bbox 687 221 860 285">
    <p class='ocr_par' dir='ltr' id='par_1_1' title="bbox 687 221 860 285">
     <span class='ocr_line' id='line_1_1' title="bbox 687 221 860 285; baseline 0.006 -18"><span class='ocrx_word' id='word_1_1' title='bbox 687 221 860 285; x_wconf 66' lang='lat'><strong>,9-</strong></span> 
     </span>
    </p>
   </div>
   <div class='ocr_carea' id='block_1_2' title="bbox 128 431 1416 1597">
    <p class='ocr_par' dir='ltr' id='par_1_2' title="bbox 128 431 1416 1597">
     <span class='ocr_line' id='line_1_2' title="bbox 132 431 1411 521; baseline -0.001 -19"><span class='ocrx_word' id='word_1_2' title='bbox 132 438 205 503; x_wconf 80' lang='lat' dir='ltr'><strong>titia</strong></span> <span class='ocrx_word' id='word_1_3' title='bbox 224 435 422 517; x_wconf 57' lang='lat' dir='ltr'><strong>caruisset)</strong></span> <span class='ocrx_word' id='word_1_4' title='bbox 469 436 588 518; x_wconf 77' lang='lat' dir='ltr'><strong>Quodsi</strong></span> <span class='ocrx_word' id='word_1_5' title='bbox 614 438 677 499; x_wconf 86' lang='lat' dir='ltr'><strong>tam</strong></span> <span class='ocrx_word' id='word_1_6' title='bbox 701 431 839 499; x_wconf 90' lang='lat' dir='ltr'><strong>humane</strong></span> <span class='ocrx_word' id='word_1_7' title='bbox 863 435 1020 500; x_wconf 88' lang='lat' dir='ltr'><strong>humanas</strong></span> <span class='ocrx_word' id='word_1_8' title='bbox 1043 454 1095 501; x_wconf 89' lang='lat' dir='ltr'><strong>res</strong></span> <span class='ocrx_word' id='word_1_9' title='bbox 1128 435 1277 502; x_wconf 77' lang='lat' dir='ltr'><strong>iudicavit</strong></span> <span class='ocrx_word' id='word_1_10' title='bbox 1309 438 1411 521; x_wconf 87' lang='lat' dir='ltr'><strong>poeta,</strong></span> 
     </span>
     <span class='ocr_line' id='line_1_3' title="bbox 134 542 1414 631; baseline -0.002 -21"><span class='ocrx_word' id='word_1_11' title='bbox 134 564 239 631; x_wconf 88' lang='lat' dir='ltr'><strong>neque</strong></span> <span class='ocrx_word' id='word_1_12' title='bbox 263 564 333 610; x_wconf 88' lang='lat' dir='ltr'><strong>eam</strong></span> <span class='ocrx_word' id='word_1_13' title='bbox 356 561 481 628; x_wconf 78' lang='lat' dir='ltr'><strong>semper</strong></span> <span class='ocrx_word' id='word_1_14' title='bbox 516 542 703 629; x_wconf 80' lang='lat' dir='ltr'>sapientiam</span> <span class='ocrx_word' id='word_1_15' title='bbox 738 542 964 627; x_wconf 86' lang='lat' dir='ltr'><strong>interpretatus</strong></span> <span class='ocrx_word' id='word_1_16' title='bbox 997 546 1054 621; x_wconf 88' lang='lat' dir='ltr'><strong>est,</strong></span> <span class='ocrx_word' id='word_1_17' title='bbox 1088 546 1123 607; x_wconf 89' lang='lat' dir='ltr'><strong>ut</strong></span> <span class='ocrx_word' id='word_1_18' title='bbox 1157 544 1201 607; x_wconf 88' lang='lat' dir='ltr'><strong>ait</strong></span> <span class='ocrx_word' id='word_1_19' title='bbox 1239 542 1414 629; x_wconf 79' lang='lat' dir='ltr'><strong>Oioero,¹⁹)</strong></span> 
     </span>
     <span class='ocr_line' id='line_1_4' title="bbox 135 650 1414 737; baseline -0.002 -19"><span class='ocrx_word' id='word_1_20' title='bbox 135 673 230 737; x_wconf 90' lang='lat' dir='ltr'><strong>quam</strong></span> <span class='ocrx_word' id='word_1_21' title='bbox 253 652 355 718; x_wconf 86' lang='lat' dir='ltr'><strong>adhue</strong></span> <span class='ocrx_word' id='word_1_22' title='bbox 380 650 522 717; x_wconf 88' lang='lat' dir='ltr'><strong>mortalis</strong></span> <span class='ocrx_word' id='word_1_23' title='bbox 546 671 641 717; x_wconf 91' lang='lat' dir='ltr'><strong>nemo</strong></span> <span class='ocrx_word' id='word_1_24' title='bbox 665 656 713 716; x_wconf 90' lang='lat' dir='ltr'><strong>est</strong></span> <span class='ocrx_word' id='word_1_25' title='bbox 735 654 936 731; x_wconf 75' lang='lat' dir='ltr'><strong>ronseontuS,</strong></span> <span class='ocrx_word' id='word_1_26' title='bbox 971 652 1028 716; x_wconf 89' lang='lat' dir='ltr'><strong>ssd</strong></span> <span class='ocrx_word' id='word_1_27' title='bbox 1064 670 1142 730; x_wconf 89' lang='lat' dir='ltr'><strong>eam,</strong></span> <span class='ocrx_word' id='word_1_28' title='bbox 1180 671 1261 735; x_wconf 90' lang='lat' dir='ltr'><strong>quaa</strong></span> <span class='ocrx_word' id='word_1_29' title='bbox 1296 655 1346 716; x_wconf 83' lang='lat' dir='ltr'><strong>est</strong></span> <span class='ocrx_word' id='word_1_30' title='bbox 1379 650 1414 717; x_wconf 93' lang='lat' dir='ltr'><strong>in</strong></span> 
     </span>
     <span class='ocr_line' id='line_1_5' title="bbox 133 758 1412 844; baseline -0.002 -18"><span class='ocrx_word' id='word_1_31' title='bbox 133 781 194 826; x_wconf 89' lang='lat' dir='ltr'><strong>usu</strong></span> <span class='ocrx_word' id='word_1_32' title='bbox 216 761 340 844; x_wconf 86' lang='lat' dir='ltr'><strong>vitaque</strong></span> <span class='ocrx_word' id='word_1_33' title='bbox 365 760 535 842; x_wconf 88' lang='lat' dir='ltr'><strong>eommuni,</strong></span> <span class='ocrx_word' id='word_1_34' title='bbox 551 779 615 825; x_wconf 94' lang='lat' dir='ltr'><strong>non</strong></span> <span class='ocrx_word' id='word_1_35' title='bbox 642 759 834 837; x_wconf 80' lang='lat' dir='ltr'><strong>mirabimur,</strong></span> <span class='ocrx_word' id='word_1_36' title='bbox 861 759 946 843; x_wconf 93' lang='lat' dir='ltr'><strong>quod</strong></span> <span class='ocrx_word' id='word_1_37' title='bbox 966 759 1028 825; x_wconf 90' lang='lat' dir='ltr'><strong>vita</strong></span> <span class='ocrx_word' id='word_1_38' title='bbox 1044 778 1229 844; x_wconf 79' lang='lat' dir='ltr'><strong>erroresque</strong></span> <span class='ocrx_word' id='word_1_39' title='bbox 1244 758 1412 841; x_wconf 81' lang='lat' dir='ltr'><strong>hominum</strong></span> 
     </span>
     <span class='ocr_line' id='line_1_6' title="bbox 131 865 1416 953; baseline 0.002 -21"><span class='ocrx_word' id='word_1_40' title='bbox 131 868 269 949; x_wconf 85' lang='lat' dir='ltr'><strong>ineptias</strong></span> <span class='ocrx_word' id='word_1_41' title='bbox 294 872 325 932; x_wconf 92' lang='lat' dir='ltr'><strong>et</strong></span> <span class='ocrx_word' id='word_1_42' title='bbox 350 885 453 950; x_wconf 84' lang='lat' dir='ltr'><strong>nugas</strong></span> <span class='ocrx_word' id='word_1_43' title='bbox 478 865 623 950; x_wconf 88' lang='lat' dir='ltr'><strong>appellat,</strong></span> <span class='ocrx_word' id='word_1_44' title='bbox 659 869 801 933; x_wconf 75' lang='lat' dir='ltr'><strong>errantes</strong></span> <span class='ocrx_word' id='word_1_45' title='bbox 839 887 910 933; x_wconf 84' lang='lat' dir='ltr'><strong>uero</strong></span> <span class='ocrx_word' id='word_1_46' title='bbox 946 867 1077 933; x_wconf 88' lang='lat' dir='ltr'><strong>stolidos</strong></span> <span class='ocrx_word' id='word_1_47' title='bbox 1101 872 1132 932; x_wconf 89' lang='lat' dir='ltr'><strong>et</strong></span> <span class='ocrx_word' id='word_1_48' title='bbox 1165 867 1299 952; x_wconf 89' lang='lat' dir='ltr'><strong>ineptos,</strong></span> <span class='ocrx_word' id='word_1_49' title='bbox 1330 869 1416 953; x_wconf 88' lang='lat' dir='ltr'><strong>quod</strong></span> 
     </span>
     <span class='ocr_line' id='line_1_7' title="bbox 133 974 1415 1059; baseline 0.001 -19"><span class='ocrx_word' id='word_1_50' title='bbox 133 975 209 1040; x_wconf 89' lang='lat' dir='ltr'><strong>vitia</strong></span> <span class='ocrx_word' id='word_1_51' title='bbox 233 975 417 1057; x_wconf 83' lang='lat' dir='ltr'><strong>sceleraque</strong></span> <span class='ocrx_word' id='word_1_52' title='bbox 441 974 571 1056; x_wconf 76' lang='lat' dir='ltr'><strong>deridet,</strong></span> <span class='ocrx_word' id='word_1_53' title='bbox 597 993 663 1040; x_wconf 91' lang='lat' dir='ltr'><strong>non</strong></span> <span class='ocrx_word' id='word_1_54' title='bbox 689 975 838 1059; x_wconf 81' lang='lat' dir='ltr'><strong>castigat,</strong></span> <span class='ocrx_word' id='word_1_55' title='bbox 862 975 945 1058; x_wconf 93' lang='lat' dir='ltr'><strong>quod</strong></span> <span class='ocrx_word' id='word_1_56' title='bbox 971 974 1096 1040; x_wconf 87' lang='lat' dir='ltr'><strong>virtutis</strong></span> <span class='ocrx_word' id='word_1_57' title='bbox 1121 979 1215 1059; x_wconf 89' lang='lat' dir='ltr'><strong>atque</strong></span> <span class='ocrx_word' id='word_1_58' title='bbox 1235 974 1415 1041; x_wconf 82' lang='lat' dir='ltr'><strong>honestatis</strong></span> 
     </span>
     <span class='ocr_line' id='line_1_8' title="bbox 133 1081 1415 1167; baseline 0 -19"><span class='ocrx_word' id='word_1_59' title='bbox 133 1083 276 1148; x_wconf 85' lang='lat' dir='ltr'><strong>studium</strong></span> <span class='ocrx_word' id='word_1_60' title='bbox 310 1098 375 1147; x_wconf 92' lang='lat' dir='ltr'><strong>non</strong></span> <span class='ocrx_word' id='word_1_61' title='bbox 411 1100 517 1146; x_wconf 88' lang='lat' dir='ltr'><strong>severo</strong></span> <span class='ocrx_word' id='word_1_62' title='bbox 542 1081 764 1167; x_wconf 80' lang='lat' dir='ltr'><strong>praeripientis</strong></span> <span class='ocrx_word' id='word_1_63' title='bbox 803 1085 899 1163; x_wconf 83' lang='lat' dir='ltr'><strong>vultu,</strong></span> <span class='ocrx_word' id='word_1_64' title='bbox 938 1082 995 1147; x_wconf 86' lang='lat' dir='ltr'><strong>sed</strong></span> <span class='ocrx_word' id='word_1_65' title='bbox 1034 1081 1108 1147; x_wconf 93' lang='lat' dir='ltr'><strong>ludo</strong></span> <span class='ocrx_word' id='word_1_66' title='bbox 1147 1081 1251 1166; x_wconf 86' lang='lat' dir='ltr'><strong>aliquo</strong></span> <span class='ocrx_word' id='word_1_67' title='bbox 1287 1082 1415 1148; x_wconf 88' lang='lat' dir='ltr'><strong>amabili</strong></span> 
     </span>
     <span class='ocr_line' id='line_1_9' title="bbox 134 1188 1414 1275; baseline 0.002 -21"><span class='ocrx_word' id='word_1_68' title='bbox 134 1188 434 1274; x_wconf 77' lang='lat' dir='ltr'><strong>commendatur.²⁰)</strong></span> <span class='ocrx_word' id='word_1_69' title='bbox 467 1189 536 1271; x_wconf 82' lang='lat' dir='ltr'><strong>Qua</strong></span> <span class='ocrx_word' id='word_1_70' title='bbox 560 1190 758 1255; x_wconf 91' lang='lat' dir='ltr'><strong>humanitate</strong></span> <span class='ocrx_word' id='word_1_71' title='bbox 781 1210 858 1255; x_wconf 91' lang='lat' dir='ltr'><strong>usus</strong></span> <span class='ocrx_word' id='word_1_72' title='bbox 882 1194 930 1255; x_wconf 88' lang='lat' dir='ltr'><strong>est</strong></span> <span class='ocrx_word' id='word_1_73' title='bbox 965 1193 1057 1275; x_wconf 88' lang='lat' dir='ltr'><strong>poeta</strong></span> <span class='ocrx_word' id='word_1_74' title='bbox 1080 1190 1115 1255; x_wconf 91' lang='lat' dir='ltr'><strong>in</strong></span> <span class='ocrx_word' id='word_1_75' title='bbox 1139 1189 1306 1255; x_wconf 91' lang='lat' dir='ltr'><strong>hominum</strong></span> <span class='ocrx_word' id='word_1_76' title='bbox 1331 1191 1414 1257; x_wconf 86' lang='lat' dir='ltr'><strong>vitiis</strong></span> 
     </span>
     <span class='ocr_line' id='line_1_10' title="bbox 137 1296 1411 1382; baseline 0.003 -23"><span class='ocrx_word' id='word_1_77' title='bbox 137 1296 399 1380; x_wconf 84' lang='lat' dir='ltr'><strong>perstringendis,</strong></span> <span class='ocrx_word' id='word_1_78' title='bbox 422 1297 557 1362; x_wconf 90' lang='lat' dir='ltr'><strong>eandem</strong></span> <span class='ocrx_word' id='word_1_79' title='bbox 586 1298 620 1362; x_wconf 92' lang='lat' dir='ltr'><strong>in</strong></span> <span class='ocrx_word' id='word_1_80' title='bbox 653 1298 716 1363; x_wconf 86' lang='lat' dir='ltr'><strong>vita</strong></span> <span class='ocrx_word' id='word_1_81' title='bbox 751 1299 870 1380; x_wconf 89' lang='lat' dir='ltr'><strong>privata</strong></span> <span class='ocrx_word' id='word_1_82' title='bbox 895 1317 968 1382; x_wconf 91' lang='lat' dir='ltr'><strong>prae</strong></span> <span class='ocrx_word' id='word_1_83' title='bbox 1002 1316 1035 1362; x_wconf 91' lang='lat' dir='ltr'><strong>se</strong></span> <span class='ocrx_word' id='word_1_84' title='bbox 1068 1296 1152 1379; x_wconf 87' lang='lat' dir='ltr'><strong>tulit,</strong></span> <span class='ocrx_word' id='word_1_85' title='bbox 1190 1298 1345 1381; x_wconf 87' lang='lat' dir='ltr'><strong>imprimis</strong></span> <span class='ocrx_word' id='word_1_86' title='bbox 1376 1299 1411 1363; x_wconf 94' lang='lat' dir='ltr'><strong>in</strong></span> 
     </span>
     <span class='ocr_line' id='line_1_11' title="bbox 136 1403 1413 1492; baseline 0.003 -25"><span class='ocrx_word' id='word_1_87' title='bbox 136 1424 251 1483; x_wconf 84' lang='lat' dir='ltr'><strong>servos,</strong></span> <span class='ocrx_word' id='word_1_88' title='bbox 275 1423 407 1487; x_wconf 89' lang='lat' dir='ltr'><strong>quorom</strong></span> <span class='ocrx_word' id='word_1_89' title='bbox 431 1423 497 1469; x_wconf 92' lang='lat' dir='ltr'><strong>non</strong></span> <span class='ocrx_word' id='word_1_90' title='bbox 521 1403 624 1470; x_wconf 90' lang='lat' dir='ltr'><strong>solum</strong></span> <span class='ocrx_word' id='word_1_91' title='bbox 648 1406 805 1485; x_wconf 77' lang='lat' dir='ltr'><strong>edacitati,</strong></span> <span class='ocrx_word' id='word_1_92' title='bbox 830 1425 937 1471; x_wconf 91' lang='lat' dir='ltr'><strong>verum</strong></span> <span class='ocrx_word' id='word_1_93' title='bbox 963 1405 1056 1470; x_wconf 88' lang='lat' dir='ltr'><strong>etiam</strong></span> <span class='ocrx_word' id='word_1_94' title='bbox 1092 1404 1239 1471; x_wconf 80' lang='lat' dir='ltr'><strong>lasciviae</strong></span> <span class='ocrx_word' id='word_1_95' title='bbox 1262 1410 1293 1471; x_wconf 87' lang='lat' dir='ltr'><strong>et</strong></span> <span class='ocrx_word' id='word_1_96' title='bbox 1325 1410 1413 1492; x_wconf 89' lang='lat' dir='ltr'><strong>petu-</strong></span> 
     </span>
     <span class='ocr_line' id='line_1_12' title="bbox 128 1510 1295 1597; baseline -0.001 -21"><span class='ocrx_word' id='word_1_97' title='bbox 128 1511 248 1595; x_wconf 34' lang='lat' dir='ltr'><strong>,ionitae</strong></span> <span class='ocrx_word' id='word_1_98' title='bbox 271 1511 395 1597; x_wconf 85' lang='lat' dir='ltr'><strong>saepius</strong></span> <span class='ocrx_word' id='word_1_99' title='bbox 418 1510 609 1594; x_wconf 80' lang='lat' dir='ltr'><strong>indulsit.²¹)</strong></span> <span class='ocrx_word' id='word_1_100' title='bbox 657 1513 761 1594; x_wconf 78' lang='lat' dir='ltr'><strong>Quare</strong></span> <span class='ocrx_word' id='word_1_101' title='bbox 784 1514 933 1577; x_wconf 87' lang='lat' dir='ltr'><strong>insanum</strong></span> <span class='ocrx_word' id='word_1_102' title='bbox 955 1512 1038 1577; x_wconf 89' lang='lat' dir='ltr'><strong>inter</strong></span> <span class='ocrx_word' id='word_1_103' title='bbox 1065 1532 1160 1578; x_wconf 90' lang='lat' dir='ltr'><strong>sanos</strong></span> <span class='ocrx_word' id='word_1_104' title='bbox 1184 1517 1295 1578; x_wconf 79' lang='lat' dir='ltr'><strong>vocat:</strong></span> 
     </span>
    </p>
   </div>
   <div class='ocr_carea' id='block_1_3' title="bbox 243 1635 1168 1724">
    <p class='ocr_par' dir='ltr' id='par_1_3' title="bbox 243 1635 1168 1724">
     <span class='ocr_line' id='line_1_13' title="bbox 243 1635 1168 1724; baseline 0.004 -25"><span class='ocrx_word' id='word_1_105' title='bbox 243 1635 296 1722; x_wconf 79' lang='lat' dir='ltr'><strong>,si</strong></span> <span class='ocrx_word' id='word_1_106' title='bbox 320 1637 392 1720; x_wconf 88' lang='lat' dir='ltr'><strong>quis</strong></span> <span class='ocrx_word' id='word_1_107' title='bbox 416 1655 488 1701; x_wconf 91' lang='lat' dir='ltr'><strong>eum</strong></span> <span class='ocrx_word' id='word_1_108' title='bbox 513 1657 648 1718; x_wconf 87' lang='lat' dir='ltr'><strong>servum,</strong></span> <span class='ocrx_word' id='word_1_109' title='bbox 675 1639 816 1723; x_wconf 86' lang='lat' dir='ltr'><strong>patinam</strong></span> <span class='ocrx_word' id='word_1_110' title='bbox 842 1640 895 1724; x_wconf 90' lang='lat' dir='ltr'><strong>qui</strong></span> <span class='ocrx_word' id='word_1_111' title='bbox 916 1639 1029 1704; x_wconf 87' lang='lat' dir='ltr'><strong>tollere</strong></span> <span class='ocrx_word' id='word_1_112' title='bbox 1053 1639 1168 1719; x_wconf 73' lang='lat' dir='ltr'><strong>iussuS,</strong></span> 
     </span>
    </p>
   </div>
   <div class='ocr_carea' id='block_1_4' title="bbox 244 1743 1050 1938">
    <p class='ocr_par' dir='ltr' id='par_1_4' title="bbox 244 1743 1050 1938">
     <span class='ocr_line' id='line_1_14' title="bbox 244 1743 1050 1834; baseline 0.009 -27"><span class='ocrx_word' id='word_1_113' title='bbox 244 1743 410 1822; x_wconf 83' lang='lat' dir='ltr'><strong>,Semesos</strong></span> <span class='ocrx_word' id='word_1_114' title='bbox 435 1746 539 1831; x_wconf 89' lang='lat' dir='ltr'><strong>pisoos</strong></span> <span class='ocrx_word' id='word_1_115' title='bbox 564 1747 787 1831; x_wconf 88' lang='lat' dir='ltr'><strong>tepidumquaa</strong></span> <span class='ocrx_word' id='word_1_116' title='bbox 813 1748 968 1834; x_wconf 84' lang='lat' dir='ltr'><strong>ligurierit</strong></span> <span class='ocrx_word' id='word_1_117' title='bbox 991 1748 1050 1827; x_wconf 78' lang='lat' dir='ltr'><strong>ine,</strong></span> 
     </span>
     <span class='ocr_line' id='line_1_15' title="bbox 246 1851 736 1938; baseline 0.014 -23"><span class='ocrx_word' id='word_1_118' title='bbox 246 1851 304 1927; x_wconf 89' lang='lat' dir='ltr'><strong>„In</strong></span> <span class='ocrx_word' id='word_1_119' title='bbox 328 1871 420 1917; x_wconf 86' lang='lat' dir='ltr'><strong>oruee</strong></span> <span class='ocrx_word' id='word_1_120' title='bbox 445 1853 605 1938; x_wconf 83' lang='lat' dir='ltr'><strong>suffigat,“</strong></span> <span class='ocrx_word' id='word_1_121' title='bbox 634 1906 641 1921; x_wconf 90' lang='lat'><strong>.</strong></span> <span class='ocrx_word' id='word_1_122' title='bbox 666 1905 701 1920; x_wconf 88' lang='lat'><strong>..</strong></span> <span class='ocrx_word' id='word_1_123' title='bbox 729 1906 736 1922; x_wconf 90' lang='lat'><em>.</em></span> 
     </span>
    </p>
   </div>
   <div class='ocr_carea' id='block_1_5' title="bbox 131 1974 1416 2400">
    <p class='ocr_par' dir='ltr' id='par_1_5' title="bbox 131 1974 1416 2400">
     <span class='ocr_line' id='line_1_16' title="bbox 245 1974 1416 2066; baseline 0.003 -28"><span class='ocrx_word' id='word_1_124' title='bbox 245 1974 285 2039; x_wconf 92' lang='lat' dir='ltr'><strong>In</strong></span> <span class='ocrx_word' id='word_1_125' title='bbox 308 1976 404 2041; x_wconf 88' lang='lat' dir='ltr'><strong>rebus</strong></span> <span class='ocrx_word' id='word_1_126' title='bbox 427 1977 541 2042; x_wconf 82' lang='lat' dir='ltr'><strong>divinis</strong></span> <span class='ocrx_word' id='word_1_127' title='bbox 566 1982 657 2062; x_wconf 89' lang='lat' dir='ltr'><strong>poeta</strong></span> <span class='ocrx_word' id='word_1_128' title='bbox 680 1983 748 2044; x_wconf 91' lang='lat' dir='ltr'><strong>tum</strong></span> <span class='ocrx_word' id='word_1_129' title='bbox 771 1978 919 2044; x_wconf 80' lang='lat' dir='ltr'><strong>licentius</strong></span> <span class='ocrx_word' id='word_1_130' title='bbox 948 1977 1141 2066; x_wconf 87' lang='lat' dir='ltr'><strong>liberiusque</strong></span> <span class='ocrx_word' id='word_1_131' title='bbox 1176 1980 1300 2046; x_wconf 91' lang='lat' dir='ltr'><strong>videtur</strong></span> <span class='ocrx_word' id='word_1_132' title='bbox 1337 1979 1416 2043; x_wconf 92' lang='lat' dir='ltr'><strong>iudi-</strong></span> 
     </span>
     <span class='ocr_line' id='line_1_17' title="bbox 136 2085 1416 2171; baseline 0.002 -24"><span class='ocrx_word' id='word_1_133' title='bbox 136 2101 216 2168; x_wconf 86' lang='lat' dir='ltr'><strong>eare,</strong></span> <span class='ocrx_word' id='word_1_134' title='bbox 242 2087 311 2148; x_wconf 89' lang='lat' dir='ltr'><strong>tum</strong></span> <span class='ocrx_word' id='word_1_135' title='bbox 336 2085 466 2151; x_wconf 87' lang='lat' dir='ltr'><strong>deorum</strong></span> <span class='ocrx_word' id='word_1_136' title='bbox 491 2087 710 2152; x_wconf 85' lang='lat' dir='ltr'><strong>fidelissimum</strong></span> <span class='ocrx_word' id='word_1_137' title='bbox 735 2086 886 2155; x_wconf 79' lang='lat' dir='ltr'><strong>cultorem</strong></span> <span class='ocrx_word' id='word_1_138' title='bbox 912 2092 1050 2171; x_wconf 86' lang='lat' dir='ltr'><strong>putares,</strong></span> <span class='ocrx_word' id='word_1_139' title='bbox 1079 2093 1146 2152; x_wconf 91' lang='lat' dir='ltr'><strong>tum</strong></span> <span class='ocrx_word' id='word_1_140' title='bbox 1180 2087 1317 2170; x_wconf 91' lang='lat' dir='ltr'><strong>denique</strong></span> <span class='ocrx_word' id='word_1_141' title='bbox 1350 2088 1416 2150; x_wconf 93' lang='lat' dir='ltr'><strong>tam</strong></span> 
     </span>
     <span class='ocr_line' id='line_1_18' title="bbox 131 2192 1410 2282; baseline 0.003 -26"><span class='ocrx_word' id='word_1_142' title='bbox 131 2192 209 2257; x_wconf 86' lang='lat' dir='ltr'><strong>anili</strong></span> <span class='ocrx_word' id='word_1_143' title='bbox 234 2194 461 2276; x_wconf 88' lang='lat' dir='ltr'><strong>superstitione</strong></span> <span class='ocrx_word' id='word_1_144' title='bbox 503 2196 644 2262; x_wconf 89' lang='lat' dir='ltr'><strong>imbutus</strong></span> <span class='ocrx_word' id='word_1_145' title='bbox 672 2202 766 2282; x_wconf 91' lang='lat' dir='ltr'><strong>atque</strong></span> <span class='ocrx_word' id='word_1_146' title='bbox 802 2196 959 2282; x_wconf 82' lang='lat' dir='ltr'><strong>obligatus</strong></span> <span class='ocrx_word' id='word_1_147' title='bbox 981 2198 1120 2280; x_wconf 89' lang='lat' dir='ltr'><strong>apparet,</strong></span> <span class='ocrx_word' id='word_1_148' title='bbox 1145 2198 1180 2260; x_wconf 93' lang='lat' dir='ltr'><strong>ut</strong></span> <span class='ocrx_word' id='word_1_149' title='bbox 1204 2214 1276 2260; x_wconf 85' lang='lat' dir='ltr'><strong>oum</strong></span> <span class='ocrx_word' id='word_1_150' title='bbox 1301 2193 1410 2260; x_wconf 91' lang='lat' dir='ltr'><strong>mulie-</strong></span> 
     </span>
     <span class='ocr_line' id='line_1_19' title="bbox 131 2297 1414 2400; baseline 0.002 -38"><span class='ocrx_word' id='word_1_151' title='bbox 131 2318 164 2363; x_wconf 89' lang='lat' dir='ltr'><strong>re</strong></span> <span class='ocrx_word' id='word_1_152' title='bbox 188 2297 364 2365; x_wconf 86' lang='lat' dir='ltr'><strong>humillima</strong></span> <span class='ocrx_word' id='word_1_153' title='bbox 389 2304 508 2400; x_wconf 71' lang='lat' dir='ltr'><strong>uertere</strong></span> <span class='ocrx_word' id='word_1_154' title='bbox 530 2323 623 2388; x_wconf 87' lang='lat' dir='ltr'><strong>posse</strong></span> <span class='ocrx_word' id='word_1_155' title='bbox 647 2303 847 2388; x_wconf 81' lang='lat' dir='ltr'><strong>rideatur.²²)</strong></span> <span class='ocrx_word' id='word_1_156' title='bbox 894 2304 1092 2387; x_wconf 81' lang='lat' dir='ltr'><strong>Quamquam</strong></span> <span class='ocrx_word' id='word_1_157' title='bbox 1128 2322 1252 2368; x_wconf 88' lang='lat' dir='ltr'><strong>summa</strong></span> <span class='ocrx_word' id='word_1_158' title='bbox 1291 2301 1327 2365; x_wconf 88' lang='lat' dir='ltr'><strong>fit</strong></span> <span class='ocrx_word' id='word_1_159' title='bbox 1350 2301 1414 2365; x_wconf 94' lang='lat' dir='ltr'><strong>Ho-</strong></span> 
     </span>
    </p>
   </div>
   <div class='ocr_carea' id='block_1_6' title="bbox 129 2405 1414 2925">
    <p class='ocr_par' dir='ltr' id='par_1_6' title="bbox 129 2405 1414 2925">
     <span class='ocr_line' id='line_1_20' title="bbox 131 2405 1414 2496; baseline 0.002 -27"><span class='ocrx_word' id='word_1_160' title='bbox 131 2405 212 2470; x_wconf 83' lang='lat' dir='ltr'><strong>ratio</strong></span> <span class='ocrx_word' id='word_1_161' title='bbox 236 2406 360 2486; x_wconf 86' lang='lat' dir='ltr'><strong>iniuria,</strong></span> <span class='ocrx_word' id='word_1_162' title='bbox 387 2409 471 2492; x_wconf 93' lang='lat' dir='ltr'><strong>quod</strong></span> <span class='ocrx_word' id='word_1_163' title='bbox 495 2431 513 2474; x_wconf 89' lang='lat' dir='ltr'><strong>a</strong></span> <span class='ocrx_word' id='word_1_164' title='bbox 537 2409 702 2491; x_wconf 88' lang='lat' dir='ltr'><strong>nonnullis</strong></span> <span class='ocrx_word' id='word_1_165' title='bbox 726 2411 1123 2489; x_wconf 85' lang='lat' dir='ltr'><strong>simulationisaeousatur,</strong></span> <span class='ocrx_word' id='word_1_166' title='bbox 1153 2411 1222 2496; x_wconf 93' lang='lat' dir='ltr'><strong>qui,</strong></span> <span class='ocrx_word' id='word_1_167' title='bbox 1247 2411 1414 2495; x_wconf 92' lang='lat' dir='ltr'><strong>quodtum</strong></span> 
     </span>
     <span class='ocr_line' id='line_1_21' title="bbox 130 2516 1412 2603; baseline 0.003 -27"><span class='ocrx_word' id='word_1_168' title='bbox 130 2516 226 2597; x_wconf 89' lang='lat' dir='ltr'><strong>poeta</strong></span> <span class='ocrx_word' id='word_1_169' title='bbox 265 2533 414 2597; x_wconf 84' lang='lat' dir='ltr'><strong>„parsum</strong></span> <span class='ocrx_word' id='word_1_170' title='bbox 455 2536 488 2581; x_wconf 90' lang='lat' dir='ltr'><strong>se</strong></span> <span class='ocrx_word' id='word_1_171' title='bbox 527 2518 657 2582; x_wconf 89' lang='lat' dir='ltr'><strong>deorum</strong></span> <span class='ocrx_word' id='word_1_172' title='bbox 691 2519 844 2584; x_wconf 81' lang='lat' dir='ltr'><strong>cultorem</strong></span> <span class='ocrx_word' id='word_1_173' title='bbox 883 2522 915 2583; x_wconf 89' lang='lat' dir='ltr'><strong>et</strong></span> <span class='ocrx_word' id='word_1_174' title='bbox 937 2517 1193 2603; x_wconf 82' lang='lat' dir='ltr'><strong>infrequentem“</strong></span> <span class='ocrx_word' id='word_1_175' title='bbox 1218 2517 1412 2603; x_wconf 84' lang='lat' dir='ltr'><strong>profiteatur,</strong></span> 
     </span>
     <span class='ocr_line' id='line_1_22' title="bbox 131 2619 1413 2709; baseline 0.004 -26"><span class='ocrx_word' id='word_1_176' title='bbox 131 2623 199 2684; x_wconf 87' lang='lat' dir='ltr'><strong>tum</strong></span> <span class='ocrx_word' id='word_1_177' title='bbox 224 2619 344 2686; x_wconf 86' lang='lat' dir='ltr'><strong>nullam</strong></span> <span class='ocrx_word' id='word_1_178' title='bbox 370 2623 545 2690; x_wconf 88' lang='lat' dir='ltr'><strong>divinarum</strong></span> <span class='ocrx_word' id='word_1_179' title='bbox 570 2644 675 2690; x_wconf 88' lang='lat' dir='ltr'><strong>rerum</strong></span> <span class='ocrx_word' id='word_1_180' title='bbox 699 2626 855 2691; x_wconf 88' lang='lat' dir='ltr'><strong>rationem</strong></span> <span class='ocrx_word' id='word_1_181' title='bbox 885 2625 991 2703; x_wconf 87' lang='lat' dir='ltr'><strong>habet,</strong></span> <span class='ocrx_word' id='word_1_182' title='bbox 1024 2626 1099 2691; x_wconf 93' lang='lat' dir='ltr'><strong>inde</strong></span> <span class='ocrx_word' id='word_1_183' title='bbox 1135 2625 1310 2709; x_wconf 82' lang='lat' dir='ltr'><strong>profectum</strong></span> <span class='ocrx_word' id='word_1_184' title='bbox 1342 2641 1413 2688; x_wconf 85' lang='lat' dir='ltr'><strong>esse</strong></span> 
     </span>
     <span class='ocr_line' id='line_1_23' title="bbox 129 2727 1413 2818; baseline 0.004 -28"><span class='ocrx_word' id='word_1_185' title='bbox 129 2727 337 2808; x_wconf 87' lang='lat' dir='ltr'><strong>arbitrantur,</strong></span> <span class='ocrx_word' id='word_1_186' title='bbox 364 2732 450 2814; x_wconf 90' lang='lat' dir='ltr'><strong>qnod</strong></span> <span class='ocrx_word' id='word_1_187' title='bbox 475 2733 618 2818; x_wconf 84' lang='lat' dir='ltr'><strong>Augusto</strong></span> <span class='ocrx_word' id='word_1_188' title='bbox 639 2733 762 2817; x_wconf 86' lang='lat' dir='ltr'><strong>plaeere</strong></span> <span class='ocrx_word' id='word_1_189' title='bbox 788 2738 927 2817; x_wconf 84' lang='lat' dir='ltr'><strong>superet,</strong></span> <span class='ocrx_word' id='word_1_190' title='bbox 952 2733 1006 2817; x_wconf 91' lang='lat' dir='ltr'><strong>qui</strong></span> <span class='ocrx_word' id='word_1_191' title='bbox 1033 2736 1100 2797; x_wconf 88' lang='lat' dir='ltr'><strong>turn</strong></span> <span class='ocrx_word' id='word_1_192' title='bbox 1124 2732 1258 2797; x_wconf 82' lang='lat' dir='ltr'><strong>maxime</strong></span> <span class='ocrx_word' id='word_1_193' title='bbox 1282 2730 1315 2796; x_wconf 94' lang='lat' dir='ltr'><strong>id</strong></span> <span class='ocrx_word' id='word_1_194' title='bbox 1340 2749 1413 2815; x_wconf 84' lang='lat' dir='ltr'><strong>age-</strong></span> 
     </span>
     <span class='ocr_line' id='line_1_24' title="bbox 130 2836 1411 2925; baseline 0.003 -27"><span class='ocrx_word' id='word_1_195' title='bbox 130 2839 189 2908; x_wconf 86' lang='lat' dir='ltr'><strong>ret,</strong></span> <span class='ocrx_word' id='word_1_196' title='bbox 214 2838 249 2899; x_wconf 93' lang='lat' dir='ltr'><strong>ut</strong></span> <span class='ocrx_word' id='word_1_197' title='bbox 274 2836 404 2903; x_wconf 86' lang='lat' dir='ltr'><strong>deorum</strong></span> <span class='ocrx_word' id='word_1_198' title='bbox 425 2838 544 2905; x_wconf 83' lang='lat' dir='ltr'><strong>auitum</strong></span> <span class='ocrx_word' id='word_1_199' title='bbox 560 2841 740 2925; x_wconf 74' lang='lat' dir='ltr'><strong>,antiquum</strong></span> <span class='ocrx_word' id='word_1_200' title='bbox 764 2843 934 2907; x_wconf 79' lang='lat' dir='ltr'><strong>revocaret.</strong></span> <span class='ocrx_word' id='word_1_201' title='bbox 980 2841 1024 2904; x_wconf 86' lang='lat' dir='ltr'><strong>At</strong></span> <span class='ocrx_word' id='word_1_202' title='bbox 1056 2838 1141 2904; x_wconf 86' lang='lat' dir='ltr'><strong>nulla</strong></span> <span class='ocrx_word' id='word_1_203' title='bbox 1174 2839 1284 2904; x_wconf 91' lang='lat' dir='ltr'><strong>subest</strong></span> <span class='ocrx_word' id='word_1_204' title='bbox 1308 2857 1411 2916; x_wconf 90' lang='lat' dir='ltr'><strong>eausa,</strong></span> 
     </span>
    </p>
   </div>
   <div class='ocr_carea' id='block_1_7' title="bbox 133 3000 346 3010">
    <p class='ocr_par' dir='ltr' id='par_1_7' title="bbox 133 3000 346 3010">
     <span class='ocr_line' id='line_1_25' title="bbox 133 3000 346 3010; baseline 0.009 -2"><span class='ocrx_word' id='word_1_205' title='bbox 133 3000 346 3010; x_wconf 71' lang='lat'><strong>———--.</strong></span> 
     </span>
    </p>
   </div>
   <div class='ocr_carea' id='block_1_8' title="bbox 157 3103 1415 3901">
    <p class='ocr_par' dir='ltr' id='par_1_8' title="bbox 169 3103 1413 3268">
     <span class='ocr_line' id='line_1_26' title="bbox 169 3103 1413 3178; baseline -0.002 -18"><span class='ocrx_word' id='word_1_206' title='bbox 169 3107 204 3178; x_wconf 82' lang='lat'><strong>¹⁸)</strong></span> <span class='ocrx_word' id='word_1_207' title='bbox 241 3105 315 3177; x_wconf 86' lang='lat' dir='ltr'><strong>Epp.</strong></span> <span class='ocrx_word' id='word_1_208' title='bbox 336 3106 360 3177; x_wconf 90' lang='lat'><strong>1,</strong></span> <span class='ocrx_word' id='word_1_209' title='bbox 381 3108 405 3176; x_wconf 90' lang='grc'><strong>1,</strong></span> <span class='ocrx_word' id='word_1_210' title='bbox 424 3108 465 3160; x_wconf 84' lang='grc'><strong>41.</strong></span> <span class='ocrx_word' id='word_1_211' title='bbox 504 3105 582 3174; x_wconf 76' lang='lat' dir='ltr'><strong>Quod</strong></span> <span class='ocrx_word' id='word_1_212' title='bbox 610 3108 760 3162; x_wconf 89' lang='lat' dir='ltr'><strong>humanum</strong></span> <span class='ocrx_word' id='word_1_213' title='bbox 789 3110 822 3164; x_wconf 91' lang='lat' dir='ltr'><strong>de</strong></span> <span class='ocrx_word' id='word_1_214' title='bbox 849 3107 969 3162; x_wconf 86' lang='lat' dir='ltr'><strong>humana</strong></span> <span class='ocrx_word' id='word_1_215' title='bbox 1002 3109 1100 3162; x_wconf 85' lang='lat' dir='ltr'><strong>natura</strong></span> <span class='ocrx_word' id='word_1_216' title='bbox 1128 3105 1262 3160; x_wconf 82' lang='lat' dir='ltr'><strong>iudicium</strong></span> <span class='ocrx_word' id='word_1_217' title='bbox 1282 3103 1413 3159; x_wconf 88' lang='lat' dir='ltr'><strong>Horatius</strong></span> 
     </span>
     <span class='ocr_line' id='line_1_27' title="bbox 238 3193 1412 3268; baseline -0.005 -16"><span class='ocrx_word' id='word_1_218' title='bbox 238 3198 335 3268; x_wconf 90' lang='lat' dir='ltr'><strong>prooul</strong></span> <span class='ocrx_word' id='word_1_219' title='bbox 366 3198 447 3252; x_wconf 89' lang='lat' dir='ltr'><strong>dubio</strong></span> <span class='ocrx_word' id='word_1_220' title='bbox 477 3197 591 3253; x_wconf 81' lang='lat' dir='ltr'><strong>Graecis</strong></span> <span class='ocrx_word' id='word_1_221' title='bbox 629 3198 733 3254; x_wconf 82' lang='lat' dir='ltr'><strong>debuit.</strong></span> <span class='ocrx_word' id='word_1_222' title='bbox 772 3198 813 3252; x_wconf 79' lang='lat' dir='ltr'><strong>cf.</strong></span> <span class='ocrx_word' id='word_1_223' title='bbox 845 3198 902 3252; x_wconf 80' lang='lat' dir='ltr'><strong>Cio.</strong></span> <span class='ocrx_word' id='word_1_224' title='bbox 928 3198 961 3252; x_wconf 92' lang='lat' dir='ltr'><strong>de</strong></span> <span class='ocrx_word' id='word_1_225' title='bbox 991 3197 1038 3252; x_wconf 88' lang='lat' dir='ltr'><strong>off.</strong></span> <span class='ocrx_word' id='word_1_226' title='bbox 1066 3197 1088 3267; x_wconf 89' lang='grc' dir='ltr'><strong>Ι,</strong></span> <span class='ocrx_word' id='word_1_227' title='bbox 1119 3195 1161 3266; x_wconf 81' lang='grc'><strong>15,</strong></span> <span class='ocrx_word' id='word_1_228' title='bbox 1180 3197 1223 3249; x_wconf 85' lang='grc'><strong>46.</strong></span> <span class='ocrx_word' id='word_1_229' title='bbox 1263 3193 1412 3261; x_wconf 72' lang='lat' dir='ltr'><strong>,Quoniam</strong></span> 
     </span>
    </p>

    <p class='ocr_par' dir='ltr' id='par_1_9' title="bbox 157 3282 1415 3901">
     <span class='ocr_line' id='line_1_28' title="bbox 157 3282 1412 3358; baseline -0.003 -18"><span class='ocrx_word' id='word_1_230' title='bbox 157 3286 160 3291; x_wconf 87' lang='grc'><strong>’</strong></span> <span class='ocrx_word' id='word_1_231' title='bbox 241 3289 333 3340; x_wconf 86' lang='lat' dir='ltr'><strong>autem</strong></span> <span class='ocrx_word' id='word_1_232' title='bbox 355 3287 459 3340; x_wconf 86' lang='lat' dir='ltr'><strong>vivitur</strong></span> <span class='ocrx_word' id='word_1_233' title='bbox 485 3304 538 3340; x_wconf 87' lang='lat' dir='ltr'><strong>non</strong></span> <span class='ocrx_word' id='word_1_234' title='bbox 568 3304 628 3341; x_wconf 86' lang='lat' dir='ltr'><strong>eum</strong></span> <span class='ocrx_word' id='word_1_235' title='bbox 658 3288 789 3358; x_wconf 80' lang='lat' dir='ltr'><strong>perfectis</strong></span> <span class='ocrx_word' id='word_1_236' title='bbox 820 3287 976 3342; x_wconf 89' lang='lat' dir='ltr'><strong>hominibus</strong></span> <span class='ocrx_word' id='word_1_237' title='bbox 1002 3286 1136 3358; x_wconf 86' lang='lat' dir='ltr'><strong>planeque</strong></span> <span class='ocrx_word' id='word_1_238' title='bbox 1167 3283 1337 3354; x_wconf 83' lang='lat' dir='ltr'><strong>sapientibus</strong></span> <span class='ocrx_word' id='word_1_239' title='bbox 1365 3282 1412 3336; x_wconf 88' lang='lat' dir='ltr'><strong>sed</strong></span> 
     </span>
     <span class='ocr_line' id='line_1_29' title="bbox 239 3368 1411 3447; baseline -0.004 -19"><span class='ocrx_word' id='word_1_240' title='bbox 239 3390 300 3429; x_wconf 88' lang='lat' dir='ltr'><strong>oum</strong></span> <span class='ocrx_word' id='word_1_241' title='bbox 315 3376 362 3445; x_wconf 82' lang='lat' dir='ltr'><strong>iis,</strong></span> <span class='ocrx_word' id='word_1_242' title='bbox 375 3377 410 3429; x_wconf 77' lang='lat' dir='ltr'><strong>&#39;in</strong></span> <span class='ocrx_word' id='word_1_243' title='bbox 430 3375 527 3446; x_wconf 89' lang='lat' dir='ltr'><strong>quibus</strong></span> <span class='ocrx_word' id='word_1_244' title='bbox 547 3377 688 3446; x_wconf 74' lang='lat' dir='ltr'><strong>praeclara</strong></span> <span class='ocrx_word' id='word_1_245' title='bbox 709 3378 809 3447; x_wconf 80' lang='lat' dir='ltr'><strong>agitur,</strong></span> <span class='ocrx_word' id='word_1_246' title='bbox 827 3379 925 3431; x_wconf 80' lang='lat' dir='ltr'><strong>sinunt</strong></span> <span class='ocrx_word' id='word_1_247' title='bbox 945 3375 1094 3431; x_wconf 79' lang='lat' dir='ltr'><strong>simulacra</strong></span> <span class='ocrx_word' id='word_1_248' title='bbox 1114 3375 1235 3439; x_wconf 87' lang='lat' dir='ltr'><strong>virtutis,</strong></span> <span class='ocrx_word' id='word_1_249' title='bbox 1258 3372 1340 3426; x_wconf 88' lang='lat' dir='ltr'><strong>etiam</strong></span> <span class='ocrx_word' id='word_1_250' title='bbox 1361 3368 1411 3424; x_wconf 86' lang='lat' dir='ltr'><strong>hoo</strong></span> 
     </span>
     <span class='ocr_line' id='line_1_30' title="bbox 241 3460 1414 3537; baseline -0.004 -19"><span class='ocrx_word' id='word_1_251' title='bbox 241 3465 459 3534; x_wconf 84' lang='lat' dir='ltr'><strong>intellegendum</strong></span> <span class='ocrx_word' id='word_1_252' title='bbox 486 3467 559 3537; x_wconf 87' lang='lat' dir='ltr'><strong>puto,</strong></span> <span class='ocrx_word' id='word_1_253' title='bbox 583 3468 719 3522; x_wconf 86' lang='lat' dir='ltr'><strong>neminem</strong></span> <span class='ocrx_word' id='word_1_254' title='bbox 749 3468 858 3521; x_wconf 90' lang='lat' dir='ltr'><strong>omuino</strong></span> <span class='ocrx_word' id='word_1_255' title='bbox 880 3482 938 3521; x_wconf 79' lang='lat' dir='ltr'><strong>ease</strong></span> <span class='ocrx_word' id='word_1_256' title='bbox 958 3464 1167 3534; x_wconf 86' lang='lat' dir='ltr'><strong>neglegendum,</strong></span> <span class='ocrx_word' id='word_1_257' title='bbox 1193 3463 1222 3516; x_wconf 91' lang='lat' dir='ltr'><strong>in</strong></span> <span class='ocrx_word' id='word_1_258' title='bbox 1248 3478 1299 3533; x_wconf 91' lang='lat' dir='ltr'><strong>quo</strong></span> <span class='ocrx_word' id='word_1_259' title='bbox 1319 3460 1414 3530; x_wconf 89' lang='lat' dir='ltr'><strong>aliqua</strong></span> 
     </span>
     <span class='ocr_line' id='line_1_31' title="bbox 239 3551 1415 3629; baseline -0.003 -21"><span class='ocrx_word' id='word_1_260' title='bbox 239 3554 406 3622; x_wconf 76' lang='lat' dir='ltr'><strong>significatio</strong></span> <span class='ocrx_word' id='word_1_261' title='bbox 431 3555 541 3610; x_wconf 85' lang='lat' dir='ltr'><strong>virtutis</strong></span> <span class='ocrx_word' id='word_1_262' title='bbox 560 3560 701 3629; x_wconf 86' lang='lat' dir='ltr'><strong>appareat,</strong></span> <span class='ocrx_word' id='word_1_263' title='bbox 721 3558 865 3611; x_wconf 83' lang='lat' dir='ltr'><strong>solandum</strong></span> <span class='ocrx_word' id='word_1_264' title='bbox 885 3558 976 3610; x_wconf 86' lang='lat' dir='ltr'><strong>autem</strong></span> <span class='ocrx_word' id='word_1_265' title='bbox 995 3570 1054 3611; x_wconf 87' lang='lat' dir='ltr'><strong>esse</strong></span> <span class='ocrx_word' id='word_1_266' title='bbox 1073 3555 1257 3622; x_wconf 88' lang='lat' dir='ltr'><strong>itaqusmqua</strong></span> <span class='ocrx_word' id='word_1_267' title='bbox 1280 3551 1415 3615; x_wconf 83' lang='lat' dir='ltr'><strong>maxima,</strong></span> 
     </span>
     <span class='ocr_line' id='line_1_32' title="bbox 240 3643 1413 3713; baseline -0.002 -16"><span class='ocrx_word' id='word_1_268' title='bbox 240 3644 269 3697; x_wconf 88' lang='lat' dir='ltr'><strong>ut</strong></span> <span class='ocrx_word' id='word_1_269' title='bbox 290 3645 403 3713; x_wconf 89' lang='lat' dir='ltr'><strong>quisque</strong></span> <span class='ocrx_word' id='word_1_270' title='bbox 430 3645 548 3699; x_wconf 84' lang='lat' dir='ltr'><strong>maxime</strong></span> <span class='ocrx_word' id='word_1_271' title='bbox 567 3646 718 3700; x_wconf 87' lang='lat' dir='ltr'><strong>virtutibus</strong></span> <span class='ocrx_word' id='word_1_272' title='bbox 738 3647 784 3702; x_wconf 89' lang='lat' dir='ltr'><strong>his</strong></span> <span class='ocrx_word' id='word_1_273' title='bbox 802 3647 954 3702; x_wconf 86' lang='lat' dir='ltr'><strong>lenioribus</strong></span> <span class='ocrx_word' id='word_1_274' title='bbox 974 3646 1026 3700; x_wconf 91' lang='lat' dir='ltr'><strong>erit</strong></span> <span class='ocrx_word' id='word_1_275' title='bbox 1046 3647 1170 3699; x_wconf 85' lang='lat' dir='ltr'><strong>ornatus:</strong></span> <span class='ocrx_word' id='word_1_276' title='bbox 1189 3643 1333 3713; x_wconf 88' lang='lat' dir='ltr'><strong>modestia,</strong></span> <span class='ocrx_word' id='word_1_277' title='bbox 1345 3644 1413 3696; x_wconf 90' lang='lat' dir='ltr'><strong>tem-</strong></span> 
     </span>
     <span class='ocr_line' id='line_1_33' title="bbox 238 3730 1413 3805; baseline -0.002 -17"><span class='ocrx_word' id='word_1_278' title='bbox 238 3735 374 3803; x_wconf 85' lang='lat' dir='ltr'><strong>perantia,</strong></span> <span class='ocrx_word' id='word_1_279' title='bbox 412 3734 547 3789; x_wconf 84' lang='lat' dir='ltr'><strong>iustitia.“</strong></span> <span class='ocrx_word' id='word_1_280' title='bbox 586 3735 734 3804; x_wconf 89' lang='lat' dir='ltr'><strong>Kayssler:</strong></span> <span class='ocrx_word' id='word_1_281' title='bbox 768 3737 859 3794; x_wconf 90' lang='lat' dir='ltr'><strong>Usber</strong></span> <span class='ocrx_word' id='word_1_282' title='bbox 892 3738 946 3792; x_wconf 87' lang='lat' dir='ltr'><strong>den</strong></span> <span class='ocrx_word' id='word_1_283' title='bbox 982 3732 1203 3805; x_wconf 83' lang='lat' dir='ltr'><strong>Tugendbegrifi</strong></span> <span class='ocrx_word' id='word_1_284' title='bbox 1231 3733 1279 3788; x_wconf 88' lang='lat' dir='ltr'><strong>des</strong></span> <span class='ocrx_word' id='word_1_285' title='bbox 1313 3730 1413 3787; x_wconf 85' lang='lat' dir='ltr'><strong>Horaz.</strong></span> 
     </span>
     <span class='ocr_line' id='line_1_34' title="bbox 238 3824 778 3901; baseline 0.006 -22"><span class='ocrx_word' id='word_1_286' title='bbox 238 3824 333 3894; x_wconf 86' lang='lat' dir='ltr'><strong>Progr.</strong></span> <span class='ocrx_word' id='word_1_287' title='bbox 354 3826 462 3896; x_wconf 89' lang='lat' dir='ltr'><strong>Oppein</strong></span> <span class='ocrx_word' id='word_1_288' title='bbox 485 3828 560 3882; x_wconf 79' lang='lat'>1855.</span> <span class='ocrx_word' id='word_1_289' title='bbox 583 3844 646 3897; x_wconf 81' lang='lat' dir='ltr'><strong>pag.</strong></span> <span class='ocrx_word' id='word_1_290' title='bbox 667 3829 701 3882; x_wconf 80' lang='lat'><strong>15</strong></span> <span class='ocrx_word' id='word_1_291' title='bbox 721 3846 778 3901; x_wconf 90' lang='lat' dir='ltr'><strong>sqq.</strong></span> 
     </span>
    </p>
   </div>
   <div class='ocr_carea' id='block_1_9' title="bbox 170 3931 534 4003">
    <p class='ocr_par' dir='ltr' id='par_1_10' title="bbox 170 3931 534 4003">
     <span class='ocr_line' id='line_1_35' title="bbox 170 3931 534 4003; baseline 0.003 -18"><span class='ocrx_word' id='word_1_292' title='bbox 170 3932 208 3999; x_wconf 81' lang='lat'><strong>¹⁹)</strong></span> <span class='ocrx_word' id='word_1_293' title='bbox 245 3932 354 3986; x_wconf 81' lang='lat' dir='ltr'><strong>Laelius</strong></span> <span class='ocrx_word' id='word_1_294' title='bbox 373 3931 407 3999; x_wconf 84' lang='lat' dir='ltr'><strong>V,</strong></span> <span class='ocrx_word' id='word_1_295' title='bbox 429 3936 471 4003; x_wconf 85' lang='grc'><strong>18,</strong></span> <span class='ocrx_word' id='word_1_296' title='bbox 491 3937 534 3989; x_wconf 80' lang='lat' dir='ltr'><strong>nb.</strong></span> 
     </span>
    </p>
   </div>
   <div class='ocr_carea' id='block_1_10' title="bbox 170 4037 1412 4199">
    <p class='ocr_par' dir='ltr' id='par_1_11' title="bbox 170 4037 1412 4199">
     <span class='ocr_line' id='line_1_36' title="bbox 170 4037 1412 4114; baseline 0.004 -22"><span class='ocrx_word' id='word_1_297' title='bbox 170 4040 209 4107; x_wconf 74' lang='lat'><strong>²⁹)</strong></span> <span class='ocrx_word' id='word_1_298' title='bbox 243 4038 276 4094; x_wconf 87' lang='lat' dir='ltr'><strong>L.</strong></span> <span class='ocrx_word' id='word_1_299' title='bbox 297 4037 331 4093; x_wconf 81' lang='lat' dir='ltr'><strong>G.</strong></span> <span class='ocrx_word' id='word_1_300' title='bbox 349 4040 455 4108; x_wconf 80' lang='lat' dir='ltr'><strong>Kdnig:</strong></span> <span class='ocrx_word' id='word_1_301' title='bbox 497 4043 529 4096; x_wconf 91' lang='lat' dir='ltr'><strong>de</strong></span> <span class='ocrx_word' id='word_1_302' title='bbox 557 4041 648 4098; x_wconf 86' lang='lat' dir='ltr'><strong>Satira</strong></span> <span class='ocrx_word' id='word_1_303' title='bbox 675 4043 799 4100; x_wconf 89' lang='lat' dir='ltr'><strong>Romana</strong></span> <span class='ocrx_word' id='word_1_304' title='bbox 819 4044 929 4114; x_wconf 87' lang='lat' dir='ltr'><strong>eiusque</strong></span> <span class='ocrx_word' id='word_1_305' title='bbox 949 4041 1105 4098; x_wconf 80' lang='lat' dir='ltr'><strong>auctoribus</strong></span> <span class='ocrx_word' id='word_1_306' title='bbox 1124 4042 1291 4113; x_wconf 79' lang='lat' dir='ltr'><strong>praeripuis.</strong></span> <span class='ocrx_word' id='word_1_307' title='bbox 1311 4041 1412 4097; x_wconf 87' lang='lat' dir='ltr'><strong>Olden-</strong></span> 
     </span>
     <span class='ocr_line' id='line_1_37' title="bbox 240 4126 520 4199; baseline 0.004 -17"><span class='ocrx_word' id='word_1_308' title='bbox 240 4126 321 4197; x_wconf 82' lang='lat' dir='ltr'><strong>bnrgi</strong></span> <span class='ocrx_word' id='word_1_309' title='bbox 343 4131 410 4184; x_wconf 78' lang='lat'>1796</span> <span class='ocrx_word' id='word_1_310' title='bbox 430 4147 457 4199; x_wconf 40' lang='lat' dir='ltr'><strong>p,</strong></span> <span class='ocrx_word' id='word_1_311' title='bbox 477 4133 520 4185; x_wconf 67' lang='grc'><strong>211.</strong></span> 
     </span>
    </p>
   </div>
   <div class='ocr_carea' id='block_1_11' title="bbox 82 4206 536 4433">
    <p class='ocr_par' dir='ltr' id='par_1_12' title="bbox 82 4206 536 4433">
     <span class='ocr_line' id='line_1_38' title="bbox 131 4206 536 4308; baseline -0.005 -14"><span class='ocrx_word' id='word_1_312' title='bbox 131 4206 138 4223; x_wconf 77' lang='grc'><strong>”</strong></span> <span class='ocrx_word' id='word_1_313' title='bbox 165 4236 206 4305; x_wconf 78' lang='lat'><strong>²¹&gt;</strong></span> <span class='ocrx_word' id='word_1_314' title='bbox 243 4235 384 4291; x_wconf 77' lang='lat' dir='ltr'><strong>nauarr.</strong></span> <span class='ocrx_word' id='word_1_315' title='bbox 404 4236 422 4291; x_wconf 87' lang='lat'><strong>1.</strong></span> <span class='ocrx_word' id='word_1_316' title='bbox 446 4255 473 4308; x_wconf 78' lang='lat' dir='ltr'><strong>p.</strong></span> <span class='ocrx_word' id='word_1_317' title='bbox 494 4240 536 4292; x_wconf 85' lang='lat'><strong>44.</strong></span> 
     </span>
     <span class='ocr_line' id='line_1_39' title="bbox 82 4338 508 4433; baseline -0.028 -22"><span class='ocrx_word' id='word_1_318' title='bbox 82 4412 85 4417; x_wconf 80' lang='grc'><strong>,</strong></span> <span class='ocrx_word' id='word_1_319' title='bbox 117 4338 129 4413; x_wconf 65' lang='grc' dir='ltr'>ἐ</span> <span class='ocrx_word' id='word_1_320' title='bbox 149 4354 214 4433; x_wconf 37' lang='grc' dir='ltr'><strong>μ’),</strong></span> <span class='ocrx_word' id='word_1_321' title='bbox 228 4350 340 4407; x_wconf 75' lang='lat' dir='ltr'><strong>uano</strong></span> <span class='ocrx_word' id='word_1_322' title='bbox 359 4348 379 4405; x_wconf 85' lang='lat'><strong>1.</strong></span> <span class='ocrx_word' id='word_1_323' title='bbox 398 4348 417 4407; x_wconf 85' lang='lat'><strong>1.</strong></span> <span class='ocrx_word' id='word_1_324' title='bbox 438 4368 464 4422; x_wconf 77' lang='lat' dir='ltr'><strong>p,</strong></span> <span class='ocrx_word' id='word_1_325' title='bbox 484 4355 508 4407; x_wconf 75' lang='lat' dir='ltr'><strong>s,</strong></span> 
     </span>
    </p>
   </div>
   <div class='ocr_carea' id='block_1_12' title="bbox 0 0 1492 4808">
    <p class='ocr_par' dir='ltr' id='par_1_13' title="bbox 0 0 1492 4808">
     <span class='ocr_line' id='line_1_40' title="bbox 0 0 1492 4808; baseline 0 1"><span class='ocrx_word' id='word_1_326' title='bbox 0 0 1492 4808; x_wconf 95' lang='lat' dir='ltr'><strong> </strong></span> 
     </span>
    </p>
   </div>
  </div>
 </body>
</html>
