2976 4808
655 280 832 351 -33--

106 500 329 571 dentissimum
353 498 472 589 patrius
495 513 643 568 amorem.
690 500 887 587 Quapropter
922 500 1037 569 mirum
1069 500 1203 586 videtur,
1227 501 1314 591 quod
1343 497 1379 572 0.

105 609 311 694 Mulierusssss)
334 609 528 696 imaginibus
552 607 591 674 ab
616 607 767 674 Juvenale
791 610 960 695 expressis,
983 613 1080 697 negat
1105 611 1237 678 subesse
1261 609 1379 678 clarum

104 720 271 789 meliorum
295 723 472 804 temporum
492 715 753 794 recordationem,
778 718 905 784 novisse
929 717 1057 802 quidem
1080 716 1266 785 Juvenalem
1299 718 1380 804 opti·

95 849 159 911 me,
188 849 270 915 quae
294 827 395 895 Roma
417 825 513 892 suerit
536 843 593 891 sua
617 828 729 903 aetate,
768 844 927 911 quamque
962 845 1107 912 perversa
1131 846 1167 892 ac
1189 826 1291 910 turpis
1315 825 1378 892 vita

94 938 170 1007 eius
204 935 395 1014 incolarum,
430 932 486 1000 sed
520 933 647 1018 penitus
670 932 844 1018 ignorasse,
880 953 961 1019 quae
983 933 1037 1000 illa
1060 935 1123 1001 vita
1145 953 1215 1001 esse
1240 934 1381 1004 deberet.

96 1045 222 1113 Contra
255 1061 337 1129 quae
360 1039 579 1125 Ribbekiusa)
600 1058 656 1106 sue
680 1041 747 1106 iure
772 1037 1010 1123 commemorat,
1033 1043 1162 1107 satiram
1186 1060 1228 1108 ns
1250 1040 1382 1128 eogitari

96 1153 233 1239 quidem
245 1169 347 1236 posse,
361 1147 523 1216 meliorum
548 1151 725 1234 temporum
738 1146 954 1216 recordatione
969 1153 1063 1234 atque
1076 1149 1227 1216 memoria
1239 1147 1372 1216 sublata.

98 1259 164 1341 Qui
189 1259 271 1324 enim
294 1257 362 1325 tieri
385 1259 501 1343 potest,
526 1260 560 1322 ut
583 1259 674 1341 poeta
698 1256 842 1322 satiricus
867 1257 973 1343 peiora
995 1257 1210 1343 reprehendat
1233 1260 1378 1342 tempora

100 1383 201 1449 eaque
232 1366 402 1432 emendare
437 1364 552 1448 cupiat,
589 1364 614 1429 si
642 1367 715 1430 ante
745 1363 851 1431 oculos
876 1365 974 1450 ipsius
998 1364 1083 1431 clara
1106 1366 1210 1451 imago
1234 1366 1377 1432 melioris

98 1472 211 1539 aetatis
234 1491 301 1539 non
323 1469 493 1538 versetur?
515 1469 628 1555 Neque
645 1473 823 1557 quisquam,
849 1472 990 1556 quamvis
1017 1474 1127 1558 poetae
1151 1471 1376 1552 alienissimus,

96 1580 296 1675 initiabitur,
331 1579 438 1646 inesse
474 1578 580 1644 satiris
617 1578 834 1645 Juvenalianis
868 1598 935 1646 non
969 1580 1062 1647 mode
1097 1578 1214 1645 claram
1237 1578 1376 1648 melioris

91 1688 207 1755 aetatis
229 1686 423 1766 memoriam,
448 1686 673 1753 verumetiam
698 1689 862 1754 ardentem
886 1707 1024 1755 amorem
1049 1688 1175 1774 patriae,
1198 1688 1253 1773 qui
1289 1705 1373 1757 nun·

90 1815 192 1882 quam
227 1798 351 1878 poetam
382 1812 419 1859 ea
451 1793 594 1860 obliuisci
620 1812 731 1879 passus
755 1799 813 1875 est,
840 1814 921 1879 quae
946 1795 1039 1862 satuti
1074 1793 1264 1882 reipublicae
1298 1814 1375 1863 eon·

94 1902 280 1970 veniebant.
327 1899 440 1982 Quare,
466 1901 494 1967 si
530 1901 607 1986 quid
626 1901 692 1966 vitii
715 1903 844 1968 omnino
868 1901 1013 1969 Juvenali
1037 1902 1072 1968 in
1095 1902 1155 1968 hac
1180 1921 1213 1968 rs
1236 1902 1378 1969 dandum

94 2014 158 2092 est,
193 2011 226 2077 id
258 2013 353 2094 certe,
384 2010 469 2095 quod
499 2009 604 2096 prisea
624 2008 678 2076 illa
700 2013 852 2097 tempora,
876 2011 1017 2095 quamuis
1041 2030 1146 2076 veram
1169 2029 1279 2077 eorum
1299 2011 1379 2075 ima·

95 2119 209 2206 ginem
253 2119 357 2186 auimo
404 2119 531 2205 penitus
572 2120 751 2204 perceptam
787 2121 881 2203 atque
923 2117 1084 2204 cognitam
1121 2117 1242 2198 habuit,
1278 2116 1374 2184 nimis

95 2223 252 2313 pulchris,
272 2243 361 2291 suum
384 2224 480 2292 nimis
503 2223 579 2291 atris
603 2222 800 2291 adumbravit
823 2224 990 2291 coloribus.
1366 2228 1369 2233 “

187 2530 371 2599 Sarmatam
394 2529 524 2614 Leopotc'
547 2527 658 2597 lentes
682 2528 778 2597 luitis
803 2525 1160 2597 MDOOOLXXXII.

701 2779 957 2870 efficacissimas
991 2779 1311 2902 &llajcltcews'em

96 3334 314 3348 *ἡ

132 3403 170 3474 ⁸⁸)
208 3398 392 3458 Griechische
411 3398 713 3472 Literaturgeschiehte
735 3401 784 3456 Bd.
807 3402 829 3458 I.
848 3401 1002 3475 pasce.

131 3508 173 3583 ⁸³)
208 3509 229 3567 1.
250 3508 269 3566 l,
290 3524 317 3581 p.
334 3511 359 3566 3.
379 3508 453 3564 Adn.
738 3518 741 3523 '
