2976 4808
467 39 1486 129 ——N

708 317 882 383 ...Ἃ--Ι

156 531 319 598 liberiores
354 530 521 598 mulierum
552 553 656 598 meres
691 553 757 599 nen
792 535 869 599 adeo
905 534 1184 619 reprehendendas
1216 554 1286 600 esse
1324 535 1433 617 duxit;

157 645 189 708 at
223 645 333 707 centra
366 641 523 707 quenalis
569 642 666 708 uitam
704 641 908 708 domesticam
942 645 1016 707 ante
1059 643 1166 707 emnia
1197 643 1306 728 magni
1338 643 1434 708 aesti-

159 751 309 815 mandam
333 769 403 815 esse
428 751 597 815 arbitratur
621 750 818 834 maximaque
849 769 921 814 cum
956 751 1164 815 delectatione
1202 750 1256 816 illa
1291 756 1436 836 tempora

158 859 349 936 recordatur,
375 857 490 941 quibus
514 859 641 923 castitas
667 858 809 942 fidesque
835 856 1002 922 mulierum
1032 859 1066 922 in
1091 877 1213 922 summo
1249 862 1340 923 erant
1377 860 1436 925 he-

158 985 246 1047 nore,
270 964 396 1051 quibus,
422 964 494 1029 dum
521 968 610 1048 pater
632 964 766 1030 familias
801 964 978 1048 fratresque
1012 965 1172 1051 glebulam
1206 967 1363 1046 celebant,
1400 968 1435 1032 in

159 1095 231 1140 casa
254 1073 366 1140 humili
394 1073 495 1156 „foeta
518 1073 639 1138 iacebat
662 1093 741 1139 uxor
764 1076 796 1138 et
818 1073 957 1139 infantes
981 1075 1134 1140 ludebant
1158 1078 1336 1159 quattuer‚“
1364 1077 1435 1159 qui-

158 1183 217 1248 bus
246 1180 393 1265 „humilis
416 1182 544 1247 fortuna
566 1181 696 1246 Latinas
720 1185 824 1246 castas
848 1183 1038 1266 praestabat,
1072 1202 1131 1248 nec
1170 1184 1253 1249 vitiis
1289 1184 1434 1269 contingi

160 1311 254 1378 parua
277 1290 425 1356 sinebant
448 1293 541 1369 tecta,
566 1288 655 1354 labor
678 1289 843 1372 somnique
867 1290 976 1356 breves
1001 1293 1032 1354 et
1055 1291 1167 1356 vellere
1191 1291 1291 1357 Tusce
1309 1296 1439 1359 vexatae

161 1402 321 1484 duraeque
345 1401 478 1465 manus“
495 1398 554 1480 (Vl
578 1396 643 1462 286
666 1399 753 1481 sqq.)
777 1398 891 1463 Poetae
906 1398 958 1462 illa
971 1402 1113 1483 tempera
1126 1399 1320 1465 desideranti
1334 1399 1440 1466 haud-

161 1527 352 1591 quamquam
377 1506 499 1591 placere
523 1509 646 1590 poterat
658 1506 758 1591 lippia
770 1505 832 1587 illa,
848 1527 927 1590 quae
944 1512 1061 1591 „nupta
1074 1509 1211 1572 senatori
1226 1509 1372 1573 comitata
1389 1522 1441 1575 est

160 1616 281 1680 ludium
305 1615 345 1680 ad
367 1615 495 1679 Pharon
519 1617 550 1679 ct
574 1613 680 1679 Nilum
704 1615 903 1697 formosaque
928 1615 1052 1679 moenia
1073 1614 1170 1699 hagi“
1194 1614 1315 1697 (Vrec
1341 1618 1440 1701 sqq),

164 1741 266 1806 neque
291 1720 472 1801 Messalina,
497 1721 694 1806 imperatoris
718 1742 805 1799 uxor,
831 1741 932 1805 quae:

379 1849 474 1906 „ausa
496 1829 641 1895 Palatino
663 1834 800 1916 tegetem
824 1833 980 1914 praeferre
1005 1829 1099 1894 cubili

380 1956 523 2019 „sumere
547 1941 721 2003 nocturnos
746 1938 893 2002 meretrix
916 1937 1060 2020 Augusta
1085 1936 1223 2001 cueaulloe

383 2045 565 2129 „linquebat
589 2047 702 2111 comite
726 2043 839 2110 aneilla
861 2063 927 2108 non
952 2043 1084 2127 amplius
1109 2063 1181 2119 una,

380 2158 431 2234 „et
455 2154 583 2237 nigrum
608 2153 685 2218 davo
710 2152 831 2217 crinem
855 2150 1071 2216 abscondente
1095 2150 1200 2233 galero

381 2260 528 2342 „intravit
551 2259 688 2325 calidum
711 2259 807 2324 ueteri
829 2262 965 2324 centone
990 2258 1123 2342 lupanar

382 2369 432 2449 „et
455 2365 567 2432 cellam
587 2386 715 2433 vacuam
740 2370 833 2449 atque
858 2376 979 2433 suam.“
1006 2366 1075 2452 (Vl,
1102 2366 1163 2429 117
1190 2371 1275 2450 sqq.)

121 2464 154 2516 w
270 2492 399 2557 Poetam
422 2492 456 2558 in
481 2492 698 2557 describendis
723 2493 862 2557 moribus
887 2492 1054 2557 mulierum
1078 2493 1086 2556 i
1114 2496 1197 2556 stum
1229 2510 1297 2556 nou
1331 2511 1442 2556 exces-

165 2600 246 2665 sisse
270 2601 398 2665 modum
422 2619 525 2683 neque
549 2600 713 2665 veritatem
737 2621 900 2686 egressum
933 2620 1012 2677 esse,
1051 2600 1241 2664 documento
1266 2602 1341 2664 sunt
1377 2620 1449 2683 per·
1484 2620 1486 2625 ·

170 2707 259 2773 multi
281 2708 342 2773 loci
365 2709 449 2793 apud
471 2728 576 2774 rerum
599 2708 724 2773 illerum
742 2713 918 2794 temporum
950 2709 1128 2792 scriptores,
1164 2709 1216 2791 qui
1249 2728 1315 2772 non
1351 2708 1448 2773 mode

168 2816 278 2881 eadem
302 2817 442 2882 referunt
466 2820 559 2900 atque
586 2816 750 2900 luvenalis,
775 2816 1000 2881 verumetiam
1026 2814 1123 2879 multa
1149 2816 1337 2901 adiungunt,
1362 2836 1447 2900 qnae

167 2923 216 2989 vix
239 2922 422 2990 verisimilia
445 2925 600 2990 videntur.

257 3031 356 3113 Quam
366 3051 438 3097 vere
447 3035 535 3097 vetus
548 3031 752 3096 l'ueritodium
765 3031 799 3094 in
809 3029 955 3096 mulieres
971 2950 1261 3203 „genu†mpctens
1272 3030 1448 3115 garrulum,

166 3136 460 3204 invidum“-indieie
484 3141 569 3214 sunt,
582 3157 661 3222 quae
675 3139 844 3221 inscriptis
856 3137 984 3204 (tatonis
998 3138 1081 3203 Maio
1100 3140 1126 3202 is
1138 3137 1289 3223 leguntur
1302 3139 1353 3203 ubi
1367 3139 1450 3206 Cato

167 3247 250 3333 ipse:
269 3247 321 3323 „si
335 3246 526 3326 mulieribus
541 3248 654 3330 inquit,
669 3265 847 3312 careremus
861 3246 965 3311 minus
978 3247 1072 3331 impia
1085 3251 1170 3311 esset
1183 3250 1290 3310 nostra
1301 3250 1371 3309 vita.
1381 3256 1395 3281 “
1405 3248 1448 3333 ⁵⁵)

273 3372 1197 3459 Uterqueigiturpeetainearepotissimnmconsentit,qued
1208 3371 1362 3449 vitiavera,
1379 3391 1448 3438 neu

168 3479 251 3562 deta,
262 3500 327 3546 nen
336 3480 444 3546 inania
456 3482 598 3565 castigat,
611 3500 715 3565 neque
725 3482 891 3565 quisquam
900 3479 1030 3544 Horatio
1042 3477 1193 3545 ridiculus
1202 3478 1334 3559 videtur,
1349 3482 1445 3563 qued:

384 3588 550 3670 „rusticius
574 3594 667 3654 tonso
692 3596 766 3673 toga
791 3589 899 3654 defluit
924 3590 955 3652 et
979 3586 1060 3652 male
1085 3585 1174 3650 laxus

384 3696 437 3772 „in
460 3696 539 3782 pede
564 3696 688 3762 calceus
711 3697 821 3764 haeret
867 3746 876 3764 .
924 3744 930 3757 .
981 3745 986 3757 .
1039 3746 1045 3760 .
1092 3744 1098 3758 .
1147 3742 1154 3758 .

170 3822 271 3887 neque
296 3802 435 3871 quenali
453 3802 582 3888 praebet
604 3806 768 3871 materiam
792 3825 965 3889 causasque
986 3805 1135 3882 iocorum,
1161 3804 1189 3868 si
1213 3801 1263 3867 eui

385 3912 495 3990 „foeda
518 3912 595 3996 (est)
621 3917 651 3977 et
675 3913 773 3978 scissa
802 3913 930 3978 lacerna

387 4021 433 4100 „si
457 4023 531 4105 toga
554 4022 714 4087 sordidula
737 4027 786 4088 est
809 4025 840 4087 et
863 4024 954 4105 rupta
973 4004 1101 4131 balaeus
1126 4018 1204 4082 alter
1279 3946 1343 4153 ly

387 4128 485 4214 „pelle
510 4133 604 4214 patet,
630 4130 677 4195 uel
701 4131 727 4195 si
752 4133 884 4196 consuto
909 4128 1039 4194 vulnere
1063 4146 1203 4192 erassum

387 4250 500 4322 „atque
524 4257 635 4303 recens
659 4238 759 4304 linum
784 4238 922 4304 ostendit
941 4256 1006 4302 nen
1030 4255 1094 4301 una
1117 4235 1245 4300 cicatrix

207 4472 245 4540 ⁵⁸)
281 4470 444 4529 Mommsen:
465 4471 612 4528 Rtmische
631 4470 797 4527 Gesehichte
815 4470 895 4542 (VII.
916 4468 1046 4541 Auilage)
1064 4486 1091 4540 p.
1110 4470 1170 4525 879.
