2976 4808
628 283 802 349 „23-

178 499 338 566 Juvenalis
374 499 409 565 in
441 497 585 584 plurimis
625 500 729 565 satiris
767 500 901 565 eandem
944 499 1043 564 ferme
1088 498 1251 563 materiam
1290 498 1352 567 sibi
1445 524 1448 529 ·

74 608 188 694 delegit
225 612 318 693 atque
343 608 504 684 Horatiae,
539 609 684 673 atenim
721 608 774 675 hic
807 607 994 693 perstringit
1025 605 1078 672 ille
1113 625 1239 690 quoque
1268 608 1351 675 salse

71 715 332 802 philosophorum
356 715 522 781 stultitiam
546 735 581 781 ac
604 717 839 802 peruersitatem
863 735 939 802 prae
963 733 998 781 se
1024 714 1206 781 ferentium.
1231 713 1349 783 Romae

70 824 157 891 urbis
180 825 383 891 incommoda
408 824 482 889 dum
506 828 640 905 enarrat,
664 822 762 889 multa
785 824 889 908 tangit
913 825 945 889 et
981 823 1113 905 castigat
1136 821 1210 887 vitia
1248 822 1350 889 homi-

67 950 145 997 num
170 933 386 1013 perditorum;
412 930 675 1015 quemadmodum
709 930 859 1023 Horatius
907 929 1082 1008 Nasidieni,
1107 929 1151 994 ita
1183 930 1347 998 Juvenalis

68 1037 207 1123 Crispini
247 1058 374 1122 pravam
409 1039 621 1124 arrogantiam
665 1039 973 1125 perditissimamque
1009 1038 1169 1105 luxuriam
1202 1040 1345 1126 castigat,

68 1149 124 1230 qui
157 1167 196 1210 ex
220 1148 317 1212 servis
355 1146 464 1212 divites
498 1145 573 1212 lacti
612 1147 760 1213 omnibus
798 1147 945 1233 pessimis
983 1146 1104 1212 artibus
1139 1145 1345 1229 excellerent3

70 1257 148 1320 dum
170 1274 339 1340 pauperum
364 1255 515 1321 clientum
539 1255 688 1320 miseram
711 1256 930 1339 abiectamque
955 1253 1172 1320 conditionem
1186 1253 1345 1337 describit,

69 1362 228 1427 invehitur
260 1363 353 1428 etiam
386 1364 420 1429 in
456 1367 660 1449 patronorum
697 1363 827 1427 diuitum
864 1362 1022 1427 sordidam
1058 1361 1220 1426 avaritiam
1252 1365 1347 1445 atque

68 1471 305 1555 impudentiam.
352 1471 392 1537 ln
416 1471 512 1537 satira
533 1475 630 1552 sexta,
661 1472 801 1536 omnium
827 1470 1030 1555 amplissima,
1056 1469 1240 1552 exprimitur
1273 1470 1347 1535 vivi·

67 1579 204 1645 dioribus
229 1581 388 1645 coloribus
411 1560 571 1664 perditum
594 1581 760 1664 ingenium
784 1583 815 1642 et
839 1599 943 1644 mores
968 1578 1136 1643 mulierum
1159 1576 1242 1643 illius
1261 1582 1344 1642 aeta·

64 1687 145 1764 tatis,
173 1687 364 1752 describitur
386 1687 584 1753 incredibilis
609 1707 731 1752 morum
753 1687 930 1772 corruptela
968 1685 1131 1751 muliebris
1164 1705 1271 1767 sexus,
1308 1706 1344 1752 eo

61 1813 204 1874 numero,
230 1815 292 1879 quo
317 1815 420 1880 neque
446 1794 561 1879 adhuc,
587 1815 690 1881 neque
713 1801 784 1881 post
807 1795 897 1861 illum
923 1795 1079 1879 descripta
1103 1799 1161 1859 est
1209 1793 1277 1876 Qua
1310 1796 1345 1860 in

61 1922 94 1966 re
118 1902 254 1967 multum
278 1904 317 1968 ab
341 1903 472 1968 Horatio
504 1904 712 1969 Juvenaliana
735 1906 831 1969 satira
857 1903 1000 1980 discedit,
1026 1905 1080 1987 qui
1114 1922 1280 1987 nunquam
1308 1922 1344 1967 ea

63 2011 234 2075 acerbitate
275 2012 309 2076 in
351 2011 498 2078 mulieres
535 2013 679 2078 invectus
726 2015 782 2077 est.
830 2011 1016 2078 Juvenalem
1063 2030 1135 2076 curn
1183 2010 1341 2094 voluptate

62 2119 198 2201 quadam
232 2119 265 2182 in
295 2117 474 2184 enarrando
511 2121 826 2205 perstringendisque
862 2119 945 2186 uitiis
981 2117 1150 2183 mulierum
1184 2121 1342 2183 versatum

62 2244 131 2290 esse
157 2231 293 2311 apparet,
320 2246 392 2292 cum
416 2246 454 2292 ex
475 2228 545 2313 ipsa
569 2229 683 2293 satirae
707 2229 913 2312 dispositione
938 2263 981 2274 -
1006 2230 1054 2290 est
1077 2226 1162 2290 enim
1187 2225 1342 2309 amplissi-

60 2355 111 2399 ma
136 2336 232 2399 satira
255 2336 407 2418 omnium,
431 2356 509 2419 quas
533 2336 690 2403 luvenalis
715 2338 840 2422 scripsit
863 2340 894 2402 et
918 2335 1061 2400 continet
1084 2333 1143 2398 oc]
1174 2353 1281 2399 versus
1296 2372 1338 2382 -

58 2446 125 2507 tum
150 2462 188 2507 ex
213 2462 249 2507 ea
272 2463 315 2523 re,
349 2445 434 2529 quod
458 2464 499 2509 ne
531 2446 661 2511 minima
696 2447 824 2530 quidem
859 2443 993 2510 stultitia
1027 2443 1137 2509 vitione
1170 2441 1336 2507 mulierum

57 2548 300 2634 praetermissis,
314 2551 434 2617 nullam
446 2572 553 2617 earum
578 2554 725 2619 virtutem
750 2553 873 2632 adiecit,
890 2553 987 2617 immo
1013 2550 1128 2615 diserte
1141 2551 1335 2635 pronuntiat,

58 2658 212 2736 Alcestin,
257 2659 421 2728 mulierem
457 2663 611 2746 pudicam,
647 2663 772 2729 uirtutis
807 2662 944 2747 plenam,
971 2680 1101 2726 uxorem
1136 2662 1334 2742 matremque

58 2765 174 2831 bonam
199 2766 260 2832 sibi
294 2770 423 2833 omnino
456 2774 565 2835 notam
600 2790 666 2836 non
701 2791 782 2840 esse.
829 2770 941 2854 Neque
965 2788 1002 2834 ea
1036 2769 1133 2834 satira
1166 2772 1335 2834 contentus

56 2874 222 2940 occasione
246 2876 319 2940 data
342 2876 489 2943 mulieres
514 2897 686 2963 eorumque
709 2879 782 2944 vitia
806 2898 928 2944 summa
952 2896 1023 2941 cum
1049 2876 1257 2942 delectatione
1283 2896 1333 2942 ca·

56 2983 160 3067 stiget,
187 2987 282 3067 atque
305 2986 568 3070 reprehendit.⁵²)
615 2984 876 3065 duodennium
902 2987 937 3051 in
953 2984 1101 3050 mulieres
1126 2984 1233 3050 odium
1249 2984 1334 3069 apud

55 3090 235 3174 nonnullos,
250 3112 322 3158 oum
335 3112 463 3171 oausam
477 3093 571 3159 huius
594 3096 637 3159 rei
663 3095 861 3178 quaererent,
875 3093 1088 3178 suspicionem
1112 3093 1217 3173 movit,
1235 3092 1333 3158 fuisse

54 3202 180 3283 poetam
203 3204 258 3265 aut
281 3204 346 3266 tam
370 3203 500 3287 perditis
524 3202 675 3283 moribus²
702 3207 736 3266 ut
760 3201 1028 3267 obscoenitatibus
1048 3200 1186 3265 cuiusvis
1203 3200 1332 3285 generis

54 3306 264 3374 delectaretur
288 3313 340 3374 aut
361 3332 383 3375 a·
401 3310 587 3377 mulieribus
611 3314 715 3376 tantas
740 3313 768 3376 ei
792 3309 922 3375 iniurias
946 3307 1049 3373 illatas
1078 3326 1158 3387 esse,
1195 3312 1229 3373 ut
1267 3308 1328 3373 hoc

53 3414 165 3481 saltem
188 3418 282 3482 modo
306 3418 453 3484 iniuriam
476 3419 587 3485 ulcisci
613 3426 749 3505 cuperet.
797 3418 912 3483 Utrum
943 3436 1052 3482 verum
1077 3417 1127 3495 sit,
1152 3415 1329 3511 inincerto

52 3526 204 3591 manebit.
228 3524 384 3609 Equidem
398 3527 459 3593 hoo
483 3528 616 3595 alterum
640 3549 695 3614 pro
720 3548 793 3594 uero
813 3527 955 3611 accipere
968 3525 1141 3606 maluerim,
1155 3545 1227 3590 cum
1251 3524 1331 3591 mihi

52 3631 140 3697 nullo
162 3634 256 3699 modo
280 3636 468 3719 persuadere
492 3638 621 3719 possim,
633 3642 768 3723 poetam,
780 3638 834 3720 qui
852 3638 886 3701 in
903 3635 1036 3700 summis
1055 3634 1325 3699 obscoenitatibus

54 3738 271 3806 describendis
283 3742 326 3820 id,
341 3744 425 3827 quod
438 3743 610 3810 honestum
623 3754 679 3822 est,
694 3765 818 3831 semper
834 3743 1063 3808 animadvertat
1083 3760 1240 3826 omneque
1260 3761 1328 3807 sce-

52 3848 102 3913 los
124 3867 195 3915 cum
218 3850 353 3916 honesta
373 3854 508 3935 quadam
519 3854 739 3941 indignatione
753 3855 984 3940 perhorrescat,
996 3852 1100 3938 ipsum
1113 3852 1254 3918 moribus
1272 3852 1327 3916 de-

49 3958 307 4040 pravatisloiase.
353 3960 471 4026 Verum
495 3961 645 4028 Horatius
670 3964 835 4030 mulierum
845 3963 1032 4048 depravatos
1045 3979 1148 4027 mores
1173 3963 1327 4025 nontam

49 4084 146 4149 saepe
168 4042 378 4186 persppbnxit,
403 4089 497 4152 quam
521 4071 693 4153 Juvenalis‚
715 4091 780 4137 non
816 4093 878 4156 quo
914 4070 1061 4137 mulieres
1098 4068 1181 4135 illius
1215 4068 1326 4133 aetatis

10 4256 15 4265 ι
47 4172 196 4240 meliores
219 4182 337 4255 essent,
363 4180 419 4243 sed
443 4181 517 4261 quia
540 4179 732 4246 Graecorum
768 4182 991 4248 consuetudini
1021 4180 1164 4264 vitaeque
1202 4177 1326 4261 propior

32 4434 51 4461 ·'
79 4430 123 4517 τ’)
157 4432 181 4487 I.
200 4433 244 4501 22,
263 4434 306 4489 69.
324 4430 359 4505 Χ,
378 4434 438 4489 321.
457 4432 507 4505 XI,
535 4434 593 4489 168.
613 4433 733 4491 Doetach
752 4452 779 4509 p.
795 4439 821 4491 8.
