2976 4808
10 4230 43 4337 p‘

659 206 813 267 ...γ-

94 420 269 506 Epicuri¹²)
292 423 459 507 praecepta
478 419 656 503 placebant,
681 418 767 485 brevi
791 422 899 483 tamen
922 416 983 484 hoc
1008 437 1104 485 onere
1136 437 1207 486 sese
1230 417 1374 485 liberavit

95 536 127 594 et
148 549 204 614 per
225 529 321 595 vitam
343 547 470 594 emnem
493 530 579 591 totus
603 528 669 593 erat
692 527 727 592 iu

310 687 325 718 ,,
373 681 382 699 .
430 686 437 699 .
484 685 490 697 .
542 685 549 700 .
597 634 723 719 agendo
747 633 874 700 naviter
896 632 939 712 id,
965 634 1050 718 quod

308 742 440 828 „Aeque
464 741 655 827 pauperibus
677 742 816 828 prodest,
843 739 1054 825 locupletibus
1077 759 1190 826 aeque,

309 851 440 934 „Aeque
462 848 642 935 neglectum
666 849 773 935 pueris
797 848 994 936 senibusque
1017 846 1177 916 nocebit.“

199 977 313 1060 Neque
335 977 370 1042 in
404 976 556 1042 eiusmodi
597 974 687 1061 paulo
709 974 910 1043 liberioribus
945 974 1026 1042 vitae
1061 973 1239 1060 praeceptis
1275 974 1383 1037 statu--

91 1086 186 1151 endis
210 1088 302 1170 poeta
325 1084 493 1169 quicquam
525 1086 637 1149 contra
662 1103 781 1149 morem
804 1081 889 1147 illius
922 1083 1073 1166 temporis
1098 1080 1248 1169 peccavit.
1293 1078 1374 1144 Eam
1461 1148 1466 1159 ,

94 1191 183 1256 enim
206 1191 360 1256 rationem
382 1191 463 1257 ritae
493 1191 645 1276 probasse
677 1193 760 1258 uiros
796 1189 1003 1257 severissimis
1038 1190 1190 1269 moribus,
1228 1208 1301 1254 cum
1335 1206 1373 1252 ex

96 1295 202 1362 multis
223 1296 289 1363 aliis
313 1300 380 1363 tum
404 1316 443 1363 ex
466 1300 562 1364 satira
594 1299 619 1378 I,
645 1300 675 1379 2,
701 1297 752 1363 31.
791 1318 861 1384 sqq.
891 1284 1027 1383 perspici
1058 1300 1173 1383 potest,
1207 1296 1262 1361 ubi
1294 1294 1374 1361 haec

94 1405 257 1491 leguntur:

308 1531 462 1613 „Quidam
486 1535 582 1598 notus
605 1531 711 1612 bomo,
736 1552 809 1598 eum
833 1532 932 1598 exiret
955 1531 1113 1597 fornice:“
1140 1529 1245 1595 Macte

306 1638 449 1725 „Virtute
472 1643 571 1722 esto‚“
598 1641 703 1725 inquit
725 1641 884 1706 sententia
906 1640 976 1707 diva
1000 1637 1147 1719 Oatonis;

271 1802 274 1807 .
307 1745 409 1823 „Nam
433 1747 583 1814 simulac
607 1768 703 1814 venas
727 1749 848 1815 inflavit
877 1750 979 1812 taetra
1001 1745 1111 1828 libido,

307 1853 397 1932 „Huc
421 1857 552 1922 iuuenes
576 1877 715 1941 aequum
739 1860 788 1923 est
812 1856 1016 1937 descendere,
1044 1872 1111 1919 non
1134 1851 1254 1917 alienas

308 1961 506 2036 „Permolere
531 1962 724 2046 urores.“¹³)

195 2068 320 2136 Nullius
346 2074 392 2138 rei
425 2073 530 2138 studio
559 2074 612 2137 diu
637 2074 804 2139 tenebatur
838 2074 945 2156 poeta:
970 2069 1127 2135 luxuriam
1152 2065 1278 2133 evitavit
1302 2062 1369 2128 feli-

86 2177 226 2256 cissirne,
252 2196 356 2262 neque
380 2180 529 2245 auaritiae
552 2179 686 2246 indulsit
709 2180 762 2261 ita,
787 2182 822 2244 ut
847 2198 917 2244 sese
951 2177 977 2243 si
1011 2198 1029 2240 a
1051 2196 1113 2260 quo
1145 2173 1205 2238 alio
1229 2171 1313 2251 vitio,
1338 2172 1370 2235 at

87 2287 173 2350 certe
197 2286 325 2351 avaritia
356 2305 466 2353 vacare
501 2306 557 2352 suo
593 2289 662 2353 iure
696 2285 937 2374 profiteatur.¹¹)
983 2285 1088 2351 Vitam
1123 2282 1265 2352 liberam,
1308 2277 1369 2343 sibi

85 2433 300 2443 ——-.-.

124 2500 162 2570 ¹²)
200 2502 231 2556 L.
262 2500 377 2556 Miller:
414 2502 531 2570 Quintus
567 2502 699 2558 Horatius
727 2501 857 2574 Flaccus,
883 2503 945 2558 eine
984 2493 1275 2556 litterar-historisehe
1301 2490 1364 2547 Bio-

192 2591 319 2662 graphie.
337 2591 455 2664 Leipzig
474 2593 545 2648 1880
563 2609 590 2664 p.
609 2595 652 2648 58.
671 2594 704 2648 11.
723 2591 831 2648 Arnold
850 2591 870 2649 1.
891 2591 910 2647 1.

121 2699 160 2769 ¹⁸)
200 2697 243 2753 Cf.
271 2697 432 2755 Lucretius:
453 2701 596 2756 derorum
616 2703 729 2756 natura:
750 2699 801 2770 IV,
822 2700 898 2754 11156.
917 2716 975 2771 sqq.

302 2787 405 2858 „Ulcus
424 2790 499 2845 enim
518 2791 633 2846 vivescit
654 2793 680 2846 et
699 2790 879 2846 inveterascit
902 2788 1010 2861 alendo,

301 2878 403 2949 „Inque
422 2880 482 2935 dies
500 2880 596 2949 gliscit
616 2878 700 2952 furor,
719 2882 799 2951 atque
818 2895 951 2938 aerumna
970 2876 1119 2948 gravescit,

228 2994 231 3001 ·
300 2968 346 3038 „Si
365 2985 419 3024 non
437 2970 527 3040 prima
546 2971 624 3026 novis
644 2970 788 3026 conturbes
805 2969 917 3026 volnera
935 2967 1037 3040 plagis,

295 3055 518 3131 „Volgivagaque
537 3077 623 3130 uagus
642 3059 749 3117 Venere
769 3063 832 3115 ante
851 3059 974 3115 recentia
994 3073 1084 3129 eures,

302 3149 371 3218 „Aut
391 3149 446 3204 alio
467 3152 556 3219 possis
576 3151 673 3206 Animi
692 3152 837 3206 traducere
857 3150 973 3205 motus.l

248 3236 306 3294 (lie.
326 3254 353 3309 p.
382 3238 477 3294 Caelio
509 3243 553 3312 20,
572 3242 622 3296 48:
654 3241 762 3311 Verum,
790 3240 893 3312 siquis
919 3242 969 3310 est,
998 3238 1044 3310 qui
1081 3237 1165 3293 etiam
1198 3233 1365 3291 meretriciis

193 3326 332 3381 amoribus
360 3328 537 3383 interdictum
566 3331 703 3385 iuventuti
725 3331 812 3403 putet,
831 3331 872 3384 est
892 3328 940 3384 ille
960 3328 1070 3401 quidem
1090 3325 1171 3382 valde
1192 3338 1312 3395 severus,
1330 3352 1365 3363 -

191 3432 294 3485 negare
314 3434 368 3474 non
386 3436 496 3491 possum
517 3450 549 3459 ·-
571 3420 618 3475 sed
638 3420 768 3475 abhorret
788 3435 842 3475 non
861 3421 941 3475 modo
968 3419 1002 3474 ab
1021 3418 1105 3474 huius
1125 3416 1212 3472 seculi
1239 3414 1365 3485 licentia,

189 3511 389 3565 verumetiam
408 3510 542 3564 maiorum
562 3510 758 3565 consuetudine
778 3512 858 3582 atque
887 3509 1036 3565 concessis.
1074 3507 1188 3576 Quando
1217 3504 1364 3577 reprehen-

189 3614 258 3671 sum,
286 3600 392 3671 quando
412 3616 465 3655 non
484 3602 675 3672 permissum?
702 3601 810 3672 quando
839 3600 956 3671 denique
986 3599 1049 3669 frit,
1066 3600 1105 3668 ut,
1123 3598 1195 3669 quod
1213 3596 1290 3666 licet,
1309 3611 1364 3651 nou

189 3688 312 3746 liceret?

244 3778 317 3848 Quid
346 3782 379 3836 de
410 3781 460 3835 illo
491 3780 647 3853 puellarum
677 3781 769 3853 choro,
789 3781 822 3836 ab
843 3778 958 3834 Horatio
977 3777 1107 3833 laudibus
1126 3777 1208 3832 toties
1225 3773 1363 3832 celebrato

187 3869 400 3925 existimandum
421 3872 466 3941 sit,
486 3872 607 3942 perspici
626 3873 715 3943 potest
735 3887 766 3927 er
787 3869 943 3938 Lessingii:
966 3867 1182 3937 Rettuugungen
1205 3868 1253 3923 des
1272 3864 1363 3922 Horaz

187 3960 218 4013 in
238 3957 358 4030 Operum
378 3959 444 4014 edit.
464 3959 588 4014 Berolini
609 3958 679 4014 1838
698 3963 717 4014 t.
732 3957 781 4025 IV,
804 3989 837 3999 -
857 3957 1006 4014 Grotefend
1036 3957 1085 4012 in:
1112 3956 1226 4012 Erschii
1245 3959 1272 4012 et
1292 3955 1361 4010 Gru·

187 4042 265 4104 beri:
287 4048 363 4118 Allg.
383 4049 496 4118 Encyel.
517 4052 588 4106 Sect.
608 4051 643 4105 II.
663 4054 683 4106 t.
698 4049 732 4104 X.
752 4067 778 4118 p.
798 4050 861 4104 461.
882 4079 915 4088 -
934 4045 1037 4102 Weber
1055 4044 1089 4100 N.
1109 4046 1206 4102 Jahrb.
1225 4047 1245 4102 i.
1265 4044 1360 4101 Philo·

189 4138 264 4210 logie
284 4155 310 4194 u.
329 4139 490 4207 Padang-
513 4138 608 4211 suppl,
628 4139 716 4211 Bd.p
746 4140 806 4194 248.
835 4170 856 4177 —
880 4136 991 4194 Teuffel
1010 4135 1114 4192 ibidem
1133 4136 1182 4193 VI.
1196 4134 1293 4207 suppl.
1307 4133 1361 4189 Bd.

187 4246 216 4301 p.
234 4231 288 4286 325
308 4246 321 4286 s
340 4248 365 4301 q.

114 4340 151 4415 ²⁸)
189 4338 248 4399 Sat.
270 4338 309 4413 11,
322 4247 417 4414 q1585.
435 4340 539 4398 Miiller
557 4339 576 4397 1.
596 4338 615 4396 1.
635 4359 662 4411 p.
682 4342 725 4397 57.
746 4348 787 4396 sat
806 4339 829 4413 1,
850 4337 951 4411 1‚102‚
971 4354 1027 4410 sqq.
