2976 4808
385 39 1426 279 -Ἳ

651 275 828 343 -22,

716 540 722 557 .
747 489 777 556 a.

102 618 173 703 De
191 618 390 704 satirae
409 491 721 826 argumerpt{
737 616 805 826 abt
818 615 1035 700 Horatio
1055 614 1383 700 sidunenaie

673 764 695 826 e
727 762 778 826 eo
810 762 849 826 o.

207 904 330 970 Horatii
356 904 419 969 vita
443 906 639 990 intempore
662 906 783 984 incidit,
810 905 922 989 quibus
954 908 1000 970 rei
1026 904 1169 990 publicae
1200 907 1246 968 tot
1282 901 1381 969 bellis

103 1014 245 1082 civilibus
271 1016 398 1080 vexatae
423 1018 516 1097 atque
541 1014 713 1100 exagitatae
739 1014 828 1099 quies
861 1014 1007 1078 restituta
1042 1016 1100 1079 est.
1132 1011 1204 1075 Vita
1242 1011 1379 1076 lorensis

101 1125 228 1208 penitus
252 1122 315 1187 iam
339 1123 474 1203 evanuit,
500 1141 598 1208 penes
621 1142 722 1187 unum
754 1142 888 1208 regnum
916 1125 947 1185 et
979 1141 1100 1186 summa
1135 1126 1274 1205 potestas
1309 1121 1376 1187 fuit.

102 1229 204 1313 Quare
228 1230 429 1309 factumest,
454 1235 488 1295 ut
512 1232 625 1296 satirae
648 1229 838 1295 Horatianos
863 1233 1086 1316 argumentum
1109 1229 1142 1293 in
1166 1228 1228 1293 vita
1259 1234 1377 1313 privata

102 1340 301 1425 aequieseat;
325 1358 391 1404 non
414 1339 447 1404 id
470 1339 535 1424 agit
556 1343 656 1424 poeta,
683 1344 718 1403 ut
743 1340 848 1405 omnia
872 1341 1043 1405 commutet
1067 1356 1245 1422 novumque
1272 1357 1380 1403 rerum

103 1450 246 1514 ordinem
270 1449 499 1514 constituat-
513 1467 584 1512 nam
596 1449 628 1513 id
641 1447 745 1512 insani
759 1451 826 1513 erat
838 1483 891 1533 -·,
905 1447 961 1511 sed
974 1449 1009 1510 ut
1019 1444 1186 1513 hominum
1212 1441 1383 1511 stultitiam

104 1556 259 1636 ostendat,
273 1560 369 1640 utque
382 1576 436 1622 eos
448 1556 488 1620 ad
500 1556 673 1638 vitandum,
688 1558 773 1641 quod
785 1556 911 1635 malum,
927 1556 966 1620 ad
978 1555 1148 1640 agendum,
1163 1553 1247 1636 quod
1259 1553 1383 1619 bonum

103 1664 242 1750 impellat
256 1668 349 1749 atque
374 1664 548 1749 exeitet.⁵²)
573 1665 682 1748 ltaque
707 1670 820 1749 partim
843 1666 958 1746 iocosa,
985 1664 1097 1750 partim
1123 1681 1229 1728 severa
1257 1662 1383 1726 ratione

104 1773 238 1857 eastigat
260 1775 354 1855 atque
378 1773 578 1857 reprehendit
591 1773 839 1838 inconstantiam
854 1773 1029 1850 hominum,
1041 1773 1095 1855 qui
1110 1775 1226 1865 sortem
1238 1792 1254 1837 a
1267 1775 1383 1837 natura

104 1881 165 1947 sibi
186 1881 375 1946 destinatam
399 1884 615 1959 contemnant,
636 1881 767 1948 laudent
806 1882 950 1960 alienam,
988 1879 1052 1944 sale
1086 1879 1198 1944 aeerbo
1232 1881 1384 1965 perfrieat

104 1987 307 2054 moechorum
332 1989 492 2054 insaniam
515 1993 608 2073 atque
633 1990 878 2074 perversitatem,
914 1989 1028 2054 deinde
1059 1990 1224 2056 stultitiam
1260 2009 1383 2067 eorum,

106 2095 159 2179 qui
184 2115 240 2160 sua
262 2097 337 2162 vitia
360 2116 426 2163 non
461 2097 614 2176 videntes
651 2098 727 2162 alios
763 2097 899 2181 maligne
929 2098 1115 2182 vituperent,
1156 2102 1223 2162 tum
1265 2097 1385 2161 deseri-

105 2203 224 2269 buntur
257 2205 484 2271 insananarum
520 2206 686 2270 mulierum
717 2206 856 2289 magicae
891 2207 985 2285 artes,
1020 2205 1214 2271 incredibilis
1249 2204 1312 2269 eibi
1347 2225 1385 2271 ae

104 2316 199 2398 potus
222 2313 477 2399 intemperantia,
513 2315 654 2400 nequitia
691 2334 809 2395 eorum,
847 2316 900 2398 qui
937 2335 993 2379 sua
1024 2317 1098 2382 vitia
1133 2314 1382 2390 dissimulantem

106 2417 283 2486 Stoicorum
306 2421 505 2486 severitatem
531 2422 700 2493 adfectent.
734 2422 809 2487 dein
845 2423 973 2488 avaritia
1005 2423 1287 2505 haeredipetarum‚
1324 2422 1380 2505 qui

106 2528 252 2617 pessimis
276 2528 395 2594 artibus
418 2529 453 2594 in
476 2528 670 2614 locupletum
692 2534 883 2598 testamenta
918 2531 1054 2615 irrepere
1088 2534 1251 2608 sonentur,
1285 2551 1378 2615 prae·

108 2640 190 2704 elare
214 2638 402 2717 ostenditur,
437 2638 552 2723 quibus
585 2639 702 2705 finibus
736 2640 972 2723 oireumsoripta
1004 2660 1073 2705 esse
1110 2640 1246 2704 debeant
1278 2638 1379 2703 homi·

105 2768 183 2813 num
205 2749 288 2827 uota,
313 2745 368 2829 qui
391 2744 516 2810 telioem
539 2747 635 2812 vitam
659 2768 750 2834 agere
772 2747 880 2830 velint,
903 2748 1081 2832 quibusque
1099 2747 1193 2812 rebus
1209 2748 1272 2813 vita
1287 2747 1382 2812 beata

107 2852 280 2938 comparari
304 2852 414 2936 possit.
457 2851 555 2937 Saepe
581 2856 741 2921 tamenin
767 2857 871 2921 satiris
895 2857 1044 2921 Horatius
1068 2874 1134 2920 non
1160 2855 1286 2938 singula
1304 2855 1382 2921 vitia

108 2961 252 3046 uestigat,
277 2962 333 3026 sed
358 2980 391 3026 se
415 2961 517 3046 ipsum
541 2982 558 3026 a
583 2963 764 3029 criminibus
789 2964 849 3029 sibi
869 2964 1004 3047 ,obiectis
1029 2966 1168 3043 exeusat,
1193 2964 1250 3028 sed
1273 2966 1385 3028 tamen

109 3071 143 3135 in
188 3069 341 3134 eiusmodi
386 3090 510 3154 quoque
544 3072 747 3138 exeusatione
782 3091 1008 3157 saepenumero
1053 3071 1173 3136 oeeasio
1217 3072 1243 3134 ei
1277 3071 1381 3149 datam,

107 3176 253 3242 inimicos
275 3174 453 3255 pellicandi,
485 3177 621 3262 dumque
657 3179 730 3243 vitia
764 3201 820 3246 sua
849 3181 988 3266 profiteri
1027 3183 1058 3243 et
1093 3178 1210 3243 diluere
1246 3178 1384 3259 videtur,

107 3283 297 3369 turpissimis
322 3284 453 3349 maoulis
478 3305 531 3351 eos
555 3289 746 3371 conspergit,
781 3289 833 3374 qui
869 3289 934 3354 suis
958 3288 1038 3352 uitiis
1063 3286 1216 3369 negleotis
1247 3285 1382 3352 aliorum

108 3392 228 3459 iudices
253 3411 323 3457 esse
347 3393 484 3478 eupiunt.
532 3394 579 3459 Hx
603 3396 649 3473 iis,
672 3417 750 3479 quae
776 3397 813 3461 de
839 3397 1024 3480 argumento
1049 3391 1239 3457 Horatianos
1264 3389 1380 3457 satirae

107 3501 320 3586 apposuimus,
346 3502 509 3586 perspioue
534 3501 645 3583 elucet,
681 3503 809 3588 depingi
841 3505 875 3568 in
910 3522 946 3566 ea
977 3502 1142 3567 hominurn
1177 3498 1381 3584 pervasitates

107 3609 243 3676 cuiusvis
270 3609 417 3694 generis:
450 3630 547 3693 quare
567 3629 632 3675 non
668 3630 705 3676 ex
740 3613 825 3676 omni
854 3614 940 3696 parte
975 3611 1094 3675 iustum
1128 3609 1259 3688 videtur,
1295 3610 1382 3692 quod

108 3717 241 3802 sothe)
266 3719 304 3783 de
329 3718 433 3783 satiris
458 3719 663 3804 epistulisque
686 3718 868 3784 Horatianis
893 3718 1073 3784 oontendit:
1110 3716 1163 3792 „in
1186 3716 1290 3781 satiris
1315 3717 1383 3782 Ho-

106 3825 223 3893 ratium
246 3825 409 3891 hominem
428 3826 607 3893 Romanum
631 3846 711 3906 essa,
738 3826 842 3891 omnia
867 3828 952 3892 enim
976 3826 1019 3891 ibi
1037 3827 1077 3891 ad
1108 3825 1267 3890 Romanae
1301 3845 1381 3906 gen·

108 3934 149 3997 tis
172 3932 319 4009 indolem¹
344 3937 375 3998 et
398 3934 544 3999 instituta
578 3934 705 4014 reserri3
738 3939 773 3997 in
809 3933 949 4018 epistulis
980 3952 1051 3998 vero
1087 3937 1264 3997 Romanam
1294 3933 1381 3999 illam

107 4042 330 4126 proprietatem
354 4040 533 4107 abolescere
555 4042 785 4126 quodammodo
809 4042 1036 4125 hominumque
1060 4041 1173 4124 potius,
1200 4060 1292 4124 squam
1318 4041 1380 4108 Ro-

109 4168 273 4213 manorum
299 4169 404 4215 mores
428 4153 458 4214 et
480 4150 645 4234 ingenium
671 4150 829 4235 depingi.“
1174 4154 1177 4159 ⁴

146 4330 182 4398 ⁵²)
220 4329 290 4383 Roth
319 4330 352 4385 de
371 4331 422 4385 sat.
441 4345 505 4402 pag.
526 4329 568 4387 15.

144 4418 179 4492 ⁸⁸)
215 4418 274 4476 l.].
292 4437 320 4492 p.
341 4423 382 4477 11.
400 4424 426 4478 et
446 4422 562 4480 Belial.
582 4423 599 4479 l.
619 4440 647 4496 p.
667 4424 710 4481 14.
