2976 4808
642 362 857 430 ..pq-

109 597 243 664 quornm
276 579 396 647 iustitia
431 580 679 665 fortitudineque
725 582 837 646 eximia
878 600 952 667 opes
999 580 1130 648 ciuitatis
1183 583 1388 667 nitebantur,

108 706 213 775 neque
244 690 412 775 qnisquam
457 710 563 757 rerum
609 688 822 754 Romanarum
868 690 1002 776 scriptor
1037 689 1149 757 molius
1187 711 1223 757 ae
1260 692 1389 777 planius

107 792 195 863 illam
236 816 377 864 severam
423 798 570 865 virtutem
615 796 878 881 honestatemque
909 797 1059 883 depinxit.
1096 818 1201 882 quam·
1223 798 1387 867 Horatius.

109 902 217 969 Nihilo
253 906 360 970 tamen
396 906 499 972 seeius
523 923 639 990 magna
663 902 717 968 illa
742 906 836 989 atque
861 905 954 970 toties
978 904 1135 971 eelebrata
1157 909 1299 973 ueterum
1324 907 1388 975 Ro-

108 1030 275 1077 manorum
298 1011 406 1090 virtus,
432 1030 513 1097 quae
545 1011 711 1078 severitate
745 1012 871 1095 quidem
908 998 1008 1096 atque
1025 1013 1209 1101 fortitudine
1232 1015 1387 1100 fulgebat,

107 1117 218 1184 eadem
251 1121 359 1185 tamon
397 1119 545 1204 superbia
575 1118 795 1203 iniustitiaque
817 1117 905 1184 haud
928 1138 1004 1184 sane
1029 1139 1126 1186 vacua
1151 1124 1227 1201 erat,
1252 1122 1387 1189 Horatio

108 1224 230 1309 plaeere
254 1244 321 1291 non
344 1227 455 1311 potuit,
480 1227 596 1311 quippe
621 1225 675 1309 qui
700 1227 806 1310 magis·
824 1226 986 1311 magisque
1013 1246 1082 1292 sese
1107 1229 1147 1293 ad
1178 1228 1263 1293 illam
1288 1229 1387 1296 Grae-

109 1352 177 1399 earn
204 1333 443 1418 humanitatom,
469 1335 555 1400 omni
579 1336 746 1418 asperitate
779 1332 922 1412 liberam,
947 1332 1172 1419 inclinaret.⁵⁶)
1197 1335 1299 1417 Quare
1323 1338 1387 1404 uir-

108 1445 159 1507 tus
195 1444 378 1524 Horatiana,
416 1464 511 1529 quam
543 1444 577 1508 in
601 1443 705 1508 satiris
730 1443 942 1520 sommendat,
967 1461 1033 1507 non
1056 1463 1092 1507 oa
1117 1447 1175 1522 est,
1201 1464 1295 1528 quam
1320 1448 1385 1512 adi·

107 1550 186 1634 pisoi
212 1550 307 1617 homo
339 1555 486 1636 nequeat,
521 1552 578 1616 sed
602 1554 660 1629 est,
682 1553 717 1614 ut
740 1550 784 1613 ita
808 1550 923 1626 dicam,
948 1548 1085 1615 humana
1109 1551 1216 1632 virtus,
1243 1553 1385 1621 hominis

107 1660 239 1725 naturae
263 1660 378 1745 optime
407 1661 652 1741 accommodata,
682 1659 798 1733 ,uirtus
823 1659 882 1743 (ait
908 1659 1056 1724 Horatius
1081 1659 1160 1745 pr.
1185 1660 1211 1728 l.
1237 1660 1288 1726 18:
1316 1662 1384 1750 19.)

108 1770 157 1832 est
180 1767 318 1833 medium
340 1768 484 1834 vitiorum
508 1771 539 1834 et
562 1770 720 1852 utrimque
743 1766 938 1845 reduetum‚“
969 1767 1022 1851 qui
1043 1767 1116 1835 uitia
1138 1768 1258 1834 vitandi
1282 1774 1384 1837 artem

109 1875 429 1942 nondumasseontus
453 1878 511 1951 est,
537 1876 624 1941 stulti
649 1894 766 1941 nomen
791 1877 939 1957 meretur,
966 1874 1019 1958 qui
1043 1875 1117 1940 vitia
1141 1876 1232 1959 fugit,
1247 1878 1385 1945 stultitia

108 1983 219 2070 seruit,
261 1985 387 2069 sapiens
433 1986 598 2070 bonusque
633 1986 735 2051 faetus
767 1984 891 2048 felicem
923 1983 1018 2047 vitam
1050 1985 1125 2068 agit.
1183 1984 1384 2071 Quapropter

107 2088 187 2155 nihil
220 2094 279 2173 est,
314 2094 398 2177 qnod
430 2094 561 2172 mireris,
594 2115 612 2157 a
644 2096 735 2177 poeta
771 2090 900 2170 seelera,
924 2091 1010 2170 vitia,
1034 2095 1173 2177 peceato,
1203 2092 1383 2177 stultitiam,

107 2193 212 2262 lusum
225 2198 386 2283 puerilem,
424 2220 526 2286 nugas
559 2200 672 2266 vocari.
708 2199 861 2264 Homines
882 2204 1059 2285 peeeantos,
1086 2221 1103 2265 a
1126 2202 1209 2267 iusta
1232 2205 1383 2290 reeteque

107 2304 154 2370 via
177 2306 380 2373 discedentes
407 2307 466 2373 alia
490 2308 594 2387 etiam,
617 2309 655 2373 do
681 2327 777 2374 eausa
801 2328 866 2374 uon
890 2307 988 2374 malos
1016 2309 1073 2374 sed
1094 2310 1209 2377 stultos
1234 2312 1383 2397 appellat.

107 2410 253 2497 Namque
296 2415 484 2499 ,ipsamt
448 2415 617 2481 utilitatem
651 2415 726 2480 iusti
751 2435 847 2501 prope
872 2420 1004 2482 matrem
1028 2419 1059 2482 et
1082 2420 1193 2502 aeqni“
1227 2437 1299 2486 esse
1321 2424 1385 2489 sibi

107 2524 262 2604 persuasit
286 2526 357 2607 (sat.
335 2523 406 2589 ι.Ι
431 2523 462 2592 9.
488 2522 533 2609 8.)
558 2543 619 2608 qno
639 2523 756 2590 lautum
780 2528 838 2603 est,
862 2524 1087 2609 uqt,uidquid
1111 2527 1149 2591 ab
1173 2526 1307 2594 utilitate
1333 2551 1385 2596 ro-

105 2629 242 2714 eederet,
277 2631 354 2697 ul
356 2630 425 2696 rlrae
449 2633 576 2697 nomine
607 2652 625 2697 a
653 2634 746 2716 poeta
781 2635 953 2713 notaretur,
977 2636 1012 2697 ut
1036 2640 1095 2699 sat
1072 2634 1161 2716 t,lI
1187 2637 1220 2718 3,
1242 2634 1317 2701 247.
1344 2639 1383 2705 de

107 2740 280 2805 amantium
303 2741 494 2807 orueiatihus
516 2738 603 2806 haeo'
619 2741 773 2826 loquitur:

216 2847 411 2924 „Aedifieare
435 2868 535 2927 ossas,
558 2848 701 2934 plostello
726 2849 898 2935 adiungere
922 2868 1035 2928 murae,

214 2955 355 3031 ,Ludere
377 2976 434 3042 par
455 2958 565 3042 impar,
590 2958 730 3041 equitare
753 2956 788 3021 in
810 2957 989 3022 harundine
1013 2956 1109 3043 longa

214 3063 267 3145 ,Si
291 3083 385 3148 quem
410 3064 544 3131 delectet
568 3063 745 3150 barbatum,
770 3065 907 3130 amentia
926 3069 1039 3144 verset,

219 3169 268 3246 ,si
290 3171 440 3256 puerilius
462 3172 515 3238 his
538 3172 617 3237 ratio
639 3190 707 3236 esse
732 3173 855 3242 euineet
879 3192 993 3253 amare,

215 3277 301 3357 „Nee
325 3281 493 3365 quiequam
514 3281 633 3359 differe,
656 3283 814 3345 utrumme
838 3280 872 3342 in
896 3280 1023 3363 pulvere
1048 3279 1160 3344 trimus

211 3385 326 3468 ‚Quale
349 3388 445 3473 prins,
471 3387 561 3453 ludas
581 3407 670 3473 opus,
690 3406 731 3452 an
755 3386 929 3452 meretricis
953 3405 1058 3450 amore

213 3493 352 3575 S„ollieit
339 3498 391 3560 tus
415 3495 527 3580 plores,
552 3515 678 3581 quaero,
702 3494 839 3559 faciasne
867 3493 950 3578 quod
975 3491 1048 3557 olim

215 3601 377 3680 ,Mutatus
395 3603 573 3671 Polemon?

137 3734 140 3739 ·
211 3709 332 3776 Horatii
364 3715 396 3777 et
432 3712 570 3798 Augusti
601 3715 667 3776 aeta
653 3716 702 3776 ιθ
671 3708 835 3776 ttmula
804 3709 995 3793 tquidem
1029 3711 1119 3774 erant
1106 3646 1254 3792 tqual
1269 3666 1408 3795 flagelsg

104 3812 169 3879 lum
205 3818 321 3885 satirioi
355 3824 563 3902 mererentur,
602 3822 633 3883 et
668 3824 775 3882 tamen
808 3835 965 3900 nusquam
989 3817 1054 3881 t'ere
1093 3815 1175 3901 apud
1211 3815 1381 3881 Horatium

102 3921 354 4009 indignationem
398 3934 450 3993 ant
483 3927 681 3993 stomachum
721 3925 816 3991 vides.
850 3923 961 4008 Neque
997 3925 1081 3989 enim
1095 3922 1243 3989 Horatius
1272 3944 1380 3990 amore

104 4032 302 4120 amicitiaque
341 4036 517 4121 aequalium
557 4055 627 4101 sese
667 4034 788 4122 privare
830 4034 915 4118 eupit
948 4037 978 4098 et
1010 4053 1200 4118 (quamquam
1236 4032 1378 4099 seculum

140 4230 177 4300 ι’)
214 4230 308 4303 Neque
328 4231 474 4287 Horatium
492 4233 611 4304 primum
631 4232 664 4287 de
679 4232 792 4302 antiqua
810 4230 861 4286 illa
880 4232 979 4285 virtute
998 4232 1039 4286 ita
1057 4231 1191 4293 iudieara,
1212 4231 1377 4289 documento

211 4323 273 4375 sunt
292 4321 374 4377 verba
394 4322 454 4380 cio.
473 4324 503 4379 in
521 4325 589 4379 orat.
605 4340 634 4394 p.
654 4322 748 4378 Gaelio
770 4322 860 4393 17,40:
883 4320 1000 4391 ,Verum
1017 4320 1085 4376 haee
1112 4335 1212 4390 genera
1239 4320 1374 4379 virtutum

209 4427 264 4467 non
283 4412 419 4469 selamin
439 4413 559 4469 moribus
577 4415 687 4485 nostris,
704 4413 752 4469 aed
770 4412 884 4468 viriam
903 4412 1023 4467 inlibris
1041 4412 1223 4483 reperiuntur.
1252 4410 1377 4471 Chartae

210 4518 323 4575 quoquo,
336 4519 405 4575 quae
423 4503 502 4561 illam
521 4504 668 4577 pristinam
687 4505 860 4562 severitatem
879 4503 1064 4576 continebant,
1083 4501 1301 4559 obsoleverunt.¹‘
