2976 4808
579 298 796 368 ..17-

48 522 278 610 interpretandi
313 537 419 604 neque
452 538 524 585 cum
559 517 619 585 loci
653 517 812 582 sententia
842 535 947 601 neque
971 536 1043 582 cum
1064 512 1204 583 moribus
1231 517 1327 601 atque

52 634 177 720 ingenio
201 635 312 716 poetae
336 629 414 694 satis
438 646 613 712 congruere
636 625 769 692 videtur.

152 738 317 807 luvenalis
356 738 392 802 in
425 738 543 820 primae
579 735 693 799 satirae
726 733 826 817 prima
861 737 950 818 parte
984 754 1031 798 uu.
1070 730 1179 797 1-18
1216 751 1329 799 causas

48 848 207 934 proponit,
232 845 346 930 quibus
383 842 561 927 compulsus
585 843 626 906 ad
651 841 763 905 satiras
787 841 1023 925 componendas
1044 841 1223 913 accesserit.
1249 843 1326 919 tum,

49 954 260 1039 quamobrem
292 951 332 1014 ad
366 950 476 1015 satiras
510 950 625 1034 potius,
651 969 745 1032 quam
769 947 911 1013 adalind
933 951 1113 1032 poematum
1135 967 1238 1033 genus
1264 948 1331 1013 ani·

50 1084 138 1128 mum
166 1058 345 1125 adverterit.
371 1057 427 1122 Tot
461 1057 547 1122 enim
582 1057 743 1140 tantisque
778 1057 950 1122 sceleribus
989 1056 1120 1122 Romam
1146 1078 1204 1123 sua
1228 1060 1329 1123 aetate

51 1190 127 1236 esse
163 1167 314 1244 obrutam,
351 1170 383 1229 ut
414 1166 562 1231 materies
595 1164 708 1229 satirae
733 1163 819 1230 nullo
843 1165 936 1229 modo
962 1165 1072 1229 deesse
1096 1170 1206 1250 possit,
1232 1169 1330 1248 utque

58 1271 208 1359 „difficile
246 1272 285 1335 sit
308 1272 435 1337 satiram
461 1291 527 1337 non
552 1271 708 1336 scribere*
737 1276 769 1337 et
796 1272 841 1354 ,si
863 1275 976 1337 natura
999 1277 1105 1357 negat,
1129 1273 1224 1338 faeiat
1246 1273 1329 1338 indi·

58 1382 169 1466 gnatio
192 1382 345 1447 uersum“.
370 1378 461 1459 Sunt,
485 1380 538 1464 qui
561 1379 725 1445 veritatem
749 1378 800 1443 his
821 1379 924 1444 verbis
942 1378 1332 1464 Juvenalianisdenegont

59 1490 151 1572 atque
188 1488 393 1567 contendant,
428 1487 504 1552 alias
537 1487 635 1553 luisse
659 1506 780 1570 causas,
806 1487 921 1570 quibus
945 1492 1037 1572 poeta
1059 1487 1100 1552 ad
1124 1487 1237 1552 satiras
1258 1506 1333 1552 con·

58 1595 246 1660 scribendas
271 1595 312 1659 sit
334 1594 495 1661 inductus.
520 1594 569 1659 lta
592 1595 679 1658 enim
702 1593 766 1657 fere
790 1593 1040 1659 ratiocinantur:
1067 1613 1146 1677 quae
1167 1594 1333 1659 fuitcausa

55 1702 139 1786 quod
162 1700 326 1766 Juvenalis
349 1703 459 1779 aetate,
487 1721 548 1784 qua
573 1701 683 1786 optimi
705 1701 920 1784 imperatores,
944 1701 1090 1766 omnibus
1116 1701 1232 1767 viribus
1265 1702 1332 1768 eni·

56 1811 217 1888 tebantur,
243 1813 279 1874 ut
303 1828 405 1873 mores
430 1808 595 1874 hominum
610 1810 828 1888 emendarent,
842 1801 1069 1893 rempublica‘r‘n
1083 1814 1247 1895 augerent,
1260 1811 1334 1876 sati·

54 1939 108 1983 ras
146 1937 335 2004 componere
369 1936 484 2000 easque
509 1922 573 1982 tam
598 1918 759 1982 mordaces
783 1936 953 2002 aggressus
978 1910 1089 1982 esset?
1113 1918 1166 1982 Ad
1189 1936 1271 2003 quae
1291 1918 1335 1983 ita

11 2016 264 2121 diospondent,
299 2032 333 2092 ut
368 2006 482 2130 diepolt,
505 2027 693 2094 Juvenalem
714 2024 847 2109 perinde
873 2026 966 2107 atque
985 2025 1153 2090 Horatium
1180 2045 1333 2111 „pauper-

55 2142 118 2202 tate
139 2136 270 2201 audaci“
298 2133 469 2214 impulsum
492 2155 562 2201 esse
586 2138 626 2201 ad
650 2135 763 2200 satiras
788 2133 1033 2217 componendas,
1062 2135 1246 2219 ,usquead
1270 2154 1336 2199 me·

57 2247 141 2311 diam
164 2246 229 2310 fere
254 2248 389 2309 aetatem
410 2245 572 2310 satiricum
593 2246 664 2310 ideo
690 2242 894 2323 declamasse,
930 2247 969 2307 ut*
988 2263 1105 2308 munus
1127 2242 1255 2327 aliquod
1280 2244 1335 2308 ob·

60 2354 182 2431 linerat,
208 2372 288 2437 quae
322 2372 394 2437 spes
431 2373 504 2419 cum
536 2372 608 2418 eum
631 2351 786 2430 fefelliset,
812 2352 925 2417 acerba
947 2352 1152 2417 mordacitate
1176 2352 1336 2436 principes

55 2461 202 2525 adortum
237 2461 368 2544 esse.⁴⁰)
399 2461 443 2525 At
483 2481 555 2527 vero
592 2461 687 2527 nullis
719 2458 812 2524 certis
844 2459 1039 2542 argumentis
1073 2460 1192 2524 firmari
1222 2463 1337 2545 potest,

55 2571 182 2651 poetam
208 2569 293 2631 omni
317 2588 350 2632 re
387 2566 531 2633 familiari
557 2569 744 2634 destitutum
768 2569 875 2648 fuisse,
902 2569 945 2632 ita
969 2572 1003 2632 nt
1028 2569 1096 2634 sine
1120 2568 1246 2653 publico
1272 2589 1338 2634 mu·
1427 2612 1430 2619 ·

57 2693 132 2739 nere
170 2674 265 2738 vitam
300 2677 479 2740 sustentare
504 2694 570 2741 non
599 2682 717 2761 posset.
740 2676 788 2742 lla
812 2677 915 2743 verbis
941 2678 1058 2742 satirici
1081 2677 1179 2759 ipsius
1218 2679 1255 2744 in
1278 2682 1338 2743 at.
1435 2690 1443 2711 ²

57 2779 109 2844 vr.
138 2777 280 2859 ao-or,
307 2781 451 2864 quidem:

168 2958 182 2991 ‚,
190 2955 530 2976 .......
576 2909 658 2975 vivat
681 2909 799 2990 Gabiis,
824 2915 858 2974 ut
881 2911 956 2976 vixit
978 2911 1013 2976 in
1037 2931 1123 2996 agro,

169 3015 279 3095 „Vivat
299 3016 440 3095 Fidenis
466 3022 498 3081 et
521 3017 621 3101 agello
646 3019 723 3084 cedo
744 3020 907 3102 paterno.“

61 3138 208 3226 colligere
242 3140 325 3219 licet,
350 3146 475 3228 poetam
500 3142 692 3208 modicarum
718 3143 846 3227 quidem
870 3141 1052 3208 facultatum
1077 3143 1184 3224 luisse,
1206 3163 1272 3209 non
1294 3149 1339 3209 ta·

59 3266 137 3312 men
164 3248 249 3333 turpi
284 3251 431 3334 pauperie
467 3270 612 3333 pressum
646 3270 726 3328 esse,
764 3250 878 3334 quippe
913 3250 965 3333 qui
999 3252 1174 3334 praedium,
1209 3257 1339 3337 apatre

56 3360 223 3440 acceptum
250 3357 331 3439 apud
355 3357 512 3440 Arpinum
537 3360 717 3441 possedisse
741 3358 941 3444 uideatur.⁴¹)
964 3357 1078 3424 Fuisse
1090 3363 1196 3425 autem
1209 3364 1336 3444 poetam

60 3483 108 3543 ea,
133 3483 228 3547 quarn
253 3465 312 3528 sibi
338 3485 406 3530 sors
431 3465 518 3529 dedit
538 3465 674 3547 lorinua,
700 3467 896 3542 contentum,
922 3483 1025 3547 neque
1057 3465 1174 3531 maiora
1198 3470 1345 3550 unquam

59 3575 290 3654 concupivisse,
317 3576 446 3657 apparet
469 3591 506 3636 ex
529 3572 633 3638 multis
657 3572 733 3638 locis
757 3574 793 3638 in
816 3574 920 3638 satiris
944 3575 1021 3650 eiua,
1049 3576 1164 3658 quibus
1187 3574 1336 3641 homines

62 3696 100 3741 ex
120 3677 232 3743 infimo
257 3678 325 3745 loco
351 3682 410 3758 „ad
432 3680 558 3764 fastigia
579 3700 684 3746 rerum
708 3681 825 3746 elatos“
853 3682 986 3765 despicit
996 3683 1337 3768 atqueconternnit.⁴²)

62 3784 249 3852 Ambitione
281 3788 367 3853 omni
400 3808 528 3872 prorsus
552 3791 677 3873 poetam
700 3807 828 3854 uacasse
853 3807 956 3872 noque
980 3808 1120 3873 unquam
1140 3789 1225 3876 vulgi
1249 3790 1340 3876 plau·

59 3913 117 3959 sus
141 3895 339 3980 appetivisse,
362 3915 400 3959 en
421 3916 457 3961 ea
479 3916 512 3962 re
534 3897 596 3961 iam
620 3896 756 3981 perspici
780 3900 892 3982 potest,
918 3899 1002 3980 quod
1025 3905 1090 3963 tam
1114 3899 1168 3964 diu
1195 3900 1339 3979 ,auditor

54 4039 274 4049 -—---—-

94 4072 133 4142 ¹⁰)
172 4071 276 4126 Gaston
306 4073 444 4127 Boissier:
474 4056 579 4127 Etudes
596 4073 629 4127 de
648 4089 755 4128 moeurs
774 4073 923 4129 Romaines
943 4091 1005 4130 sous
1024 4074 1157 4147 l’empire.
1175 4076 1292 4132 Juvenal
1311 4081 1338 4133 et

10 4216 21 4239 ,Ι
173 4176 220 4215 son
238 4164 335 4232 temps.
354 4161 447 4217 Reuue
468 4163 516 4216 dos
535 4162 604 4217 deux
623 4165 735 4218 mondes
753 4167 774 4220 t.
793 4167 837 4220 87.
856 4182 884 4237 p.
905 4166 964 4220 141.
988 4183 1043 4237 sqq.

90 4252 133 4341 J)
175 4250 204 4306 6.
231 4250 411 4320 Synuerberg.
440 4251 480 4306 De
510 4252 678 4323 temporibus
706 4255 779 4309 vitae
808 4256 1014 4326 carminumque
1043 4257 1072 4309 D.
1096 4254 1175 4310 Juuii
1193 4255 1338 4311 luvenalis

68 4364 70 4369 ·
168 4343 223 4396 rito
240 4342 447 4397 constituendis.
466 4341 686 4413 Helsingforsiae
709 4345 787 4399 1866.
806 4362 832 4417 p.
852 4347 895 4402 50.
915 4348 942 4402 et
961 4348 1005 4402 54.
1025 4345 1087 4400 Juv.
1117 4343 1170 4416 XI,
1188 4345 1231 4400 65.

11 4423 77 4515 :3³2³-
99 4428 138 4497 ’Ἴ
175 4431 573 4505 111,38.X,2·24.111,155.
839 4440 842 4445 '
1092 4438 1096 4443 '
1318 4434 1321 4439 ’
