2976 4808
682 256 834 320 -3-

113 476 328 552 constantem,
365 473 514 538 omnibus
546 472 639 537 bonis
672 471 848 555 praeponit,
886 492 993 556 qume,
1031 472 1172 556 quamvis
1208 492 1226 535 a
1264 472 1399 537 summis

113 582 159 647 rei
194 580 338 666 publicae
373 580 494 645 civibus
521 581 782 664 quammaximis
807 586 937 645 ornatus
962 581 1147 659 honoribus,
1172 585 1279 645 tamen
1302 581 1401 645 vitam

114 689 271 753 urbanam
295 686 417 751 fastidit
441 692 536 772 atique
560 688 710 752 rusticam
735 707 857 752 summo
893 690 1049 754 desiderio
1074 686 1249 773 appetit.¹⁵)
1287 688 1400 752 Ambi-

113 797 201 861 tione
226 796 362 879 denique
387 799 482 879 atque
505 797 663 861 honorum
689 796 836 879 cupidine
861 816 978 862 11101111
1002 797 1178 861 contemnit
1210 799 1307 879 atque
1344 795 1398 859 de·

113 904 207 988 spicit
230 901 352 987 vulgae,
378 903 462 986 quod
498 902 619 983 ,lamae
653 904 747 968 servit
770 902 923 989 ineptum,
960 906 1044 989 quod
1080 907 1185 988 stupet
1227 905 1261 967 in
1298 900 1400 968 titulis

115 1016 147 1075 et
169 1010 396 1093 imaginibus.“
424 1007 489 1073 Sat.
514 1009 550 1087 Ι,
576 1008 606 1091 b,
633 1008 685 1073 16.

224 1152 264 1216 11
286 1150 428 1217 moribus
460 1156 555 1237 atque
579 1156 699 1218 natura
723 1153 896 1217 Horatiana
910 1153 967 1217 rite
991 1150 1203 1236 depingendis
1223 1148 1402 1235 gravissimi

111 1261 268 1325 momenti
292 1264 341 1324 est
365 1262 518 1344 (quaestio,
555 1280 651 1345 quam
686 1262 867 1345 opinionem
897 1273 990 1344 poeta
1030 1262 1067 1325 de
1101 1260 1213 1325 virtute
1237 1258 1397 1338 imbuerit,

115 1368 191 1451 qnid
216 1367 254 1431 de
279 1370 393 1431 natura
416 1367 556 1432 humana
581 1371 711 1452 eiusque
734 1367 842 1432 indole
868 1368 1066 1451 indicauerit,
1097 1367 1286 1432 idoneamne
1325 1386 1396 1431 eam

119 1477 275 1560 putaverit
306 1476 346 1540 ad
371 1477 452 1540 bene
488 1476 685 1560 honesteque
711 1478 882 1558 agendum,
912 1477 970 1555 ,ad
1006 1477 1168 1561 agendum
1199 1474 1321 1540 naviter
1356 1475 1399 1545 id.

118 1584 203 1667 qnod
225 1601 324 1666 aeque
348 1584 538 1666 pauperibus
564 1584 691 1667 prodest
714 1582 925 1667 locupletibus
949 1602 1061 1666 aeque,
1087 1601 1186 1665 aeque
1216 1579 1398 1665 neglectum

115 1690 220 1775 pueris
245 1688 436 1773 senibusque
461 1692 617 1756 nocebit.“
665 1692 831 1776 Virtutem
849 1691 946 1774 igitur
974 1690 1239 1773 honestatemque
1277 1690 1399 1755 nemini

115 1797 245 1863 insitam
270 1816 341 1862 esse
366 1799 534 1862 arbitratur
559 1818 662 1882 neque
686 1819 703 1862 a
724 1799 783 1863 diis
817 1799 1000 1863 hominibus
1034 1800 1117 1864 dono
1152 1799 1228 1878 dari,
1259 1798 1398 1882 ,iupiter

117 1908 203 1972 enim
226 1907 280 1971 dat
303 1909 408 1983 ritem,
432 1907 485 1971 det
508 1926 610 1991 opem,
635 1926 771 1991 aequum
797 1908 857 1971 sibi
892 1907 1031 1971 animum
1063 1906 1158 1971 homo
1190 1907 1259 1990 ipse
1293 1912 1395 1991 paret,

117 2034 250 2081 neccsse
274 2017 381 2095 est.¹⁶)
405 2012 523 2098 Atque,
550 2017 634 2099 quod
657 2021 749 2100 poeta
786 2018 898 2078 natura
931 2013 994 2079 iam
1028 2014 1096 2097 ipsa
1130 2014 1168 2077 ad
1201 2012 1394 2078 lrilerItatem

118 2142 306 2209 propensus,
343 2141 409 2187 non
438 2125 501 2185 tam
536 2124 646 2189 acerbe
685 2122 848 2188 bominum
882 2122 954 2187 vitia
987 2122 1179 2206 perstrinxit,
1216 2141 1309 2205 quam
1347 2122 1402 2205 qui

119 2234 228 2314 postea
261 2230 436 2295 floruerunt
473 2230 600 2308 satirici,
638 2231 712 2295 inde
762 2230 960 2314 potissimum
1005 2232 1180 2313 proiectum
1214 2233 1278 2313 est,
1316 2229 1400 2313 qnod

120 2357 244 2423 semper
268 2344 298 2403 et
323 2339 441 2422 ubique
465 2339 616 2403 memoria
641 2340 745 2403 tenuit
773 2340 952 2417 ,neminem
978 2340 1047 2404 sine
1081 2338 1163 2403 vitiis
1199 2338 1288 2403 nasci
1322 2338 1403 2421 opti-

121 2467 271 2530 mumque
295 2445 383 2512 illum
404 2466 485 2527 esse,
512 2448 565 2530 qui
590 2448 733 2512 minimis
759 2458 933 2534 ingeretur,
960 2448 1078 2512 bonum
1103 2466 1172 2511 esse
1190 2445 1287 2524 illum,
1311 2446 1401 2511 cuius

121 2559 235 2620 natura
259 2554 341 2619 vitiis
363 2555 575 2620 mediocribus
600 2576 635 2620 ac
671 2558 781 2641 paucis
816 2559 969 2621 mendosa
1002 2560 1096 2636 esset,
1131 2553 1272 2637 alioquin
1303 2556 1400 2629 recta,

118 2662 274 2745 sineque
307 2662 467 2725 avaritiam
493 2681 595 2746 neque
621 2666 729 2728 sordes
754 2683 811 2727 nec
835 2661 916 2725 nrala
939 2662 1037 2725 lustra
1071 2662 1185 2724 obiciet
1209 2678 1280 2723 rere
1313 2661 1399 2743 quis-

119 2788 211 2853 quam
235 2769 293 2833 ei.“
343 2766 498 2848 Quoniam
523 2775 626 2835 autem
654 2772 726 2833 vitia
760 2789 825 2833 non
856 2772 952 2833 insita
986 2768 1170 2833 hominibus
1203 2788 1272 2832 esse
1313 2770 1403 2851 putat

119 2877 175 2941 sed
199 2876 352 2940 malorum
384 2877 547 2942 hominnm
575 2877 804 2941 consuetudine
830 2879 945 2958 parata,
977 2878 1153 2954 ,neminem
1177 2877 1254 2941 adeo
1286 2876 1400 2963 serum³

120 2984 195 3048 adeo
210 2984 292 3051 vitiis
317 2985 463 3050 obrutum
482 3002 550 3047 0110
574 2984 753 3060 arbitretur,
780 2991 814 3047 ut
839 3002 904 3047 non
930 2982 1093 3047 mitescere
1117 2984 1227 3066 possit,
1258 2983 1400 3048 simodo

119 3090 260 3156 culturae
285 3093 457 3174 patientem
481 3088 658 3152 commodet
681 3090 871 3171 aurem.“¹²)
895 3087 1015 3171 Neque,
1042 3108 1113 3154 curu
1146 3090 1283 3154 bominis
1309 3094 1400 3154 natu·

121 3218 188 3263 rom
213 3195 348 3262 debilem
373 3202 465 3279 atque
489 3194 648 3257 intirmanr
675 3197 773 3277 putet,
801 3194 922 3260 homini
947 3216 1102 3261 1111111111
1128 3198 1272 3261 virtutem
1306 3216 1400 3279 appe·

121 3306 252 3371 tendam
274 3325 344 3369 esse
369 3306 489 3385 censet,
516 3304 581 3365 lieri
605 3302 689 3367 enim
716 3302 803 3365 nrrllo
829 3305 920 3368 modo
945 3325 1048 3388 posse,
1074 3312 1108 3368 ut
1145 3306 1215 3387 quis
1246 3324 1402 3369 summam

121 3414 354 3498 perlectumque
388 3412 581 3493 adsequatur
613 3411 777 3489 rirtutcm3
811 3411 955 3475 virtutem
981 3417 1084 3477 antem
1122 3413 1292 3477 leonianam
1317 3432 1402 3477 snm·

122 3539 268 3603 mamque
292 3519 480 3602 sapientiam
504 3520 586 3583 idem
619 3538 688 3583 esso
713 3519 878 3583 contendit
915 3525 1009 3602 atquc
1033 3520 1106 3584 vitia
1130 3522 1237 3604 lugere
1262 3524 1293 3584 et
1324 3520 1402 3584 stul-

126 3700 338 3708 ----.-——

159 3788 181 3819 ¹⁸
231 3786 255 3841 E
297 3787 335 3842 ,Ι
366 3789 399 3840 14
430 3786 476 3841 101

183 3788 193 3857 1
257 3802 293 3858 pp
337 3827 426 3945 ,Rois
447 3892 496 3945 ego
515 3878 709 3949 viventemin
729 3875 801 3931 dicis
820 3875 850 3929 in
869 3872 935 3929 urbe
954 3872 1089 3929 1101111111.ιι

229 3965 333 4019 Ibidem
354 3984 378 4022 v.
401 3968 453 4021 nb:

338 4073 398 4127 .1l1e
418 4077 543 4129 constare
564 4073 632 4125 mihi
653 4074 708 4128 scis
727 4074 753 4127 et
772 4074 913 4129 discedere
932 4072 1063 4143 tristem,

283 4162 504 4231 eraudoeuuque
524 4163 636 4217 1111111111
652 4164 741 4217 inrisa
761 4164 872 4233 negotia
891 4161 1136 4217 Romam.·lliiller
1148 4161 1168 4217 l.
1180 4163 1197 4215 l.
1210 4178 1272 4231 pag.
1285 4166 1318 4215 bb
1357 4170 1373 4217 c
1385 4172 1399 4224 1,

160 4274 198 4339 ¹⁶)
235 4272 305 4343 llpp.
325 4274 351 4344 1,
373 4276 415 4343 is,
436 4276 497 4326 112.

161 4382 199 4451 ²¹)
235 4384 307 4455 Epp.
326 4386 349 4457 1,
370 4390 393 4458 l,
414 4388 456 4441 39.
