2976 4808
87 1377 551 1631 norrun
617 1188 719 1634 ll
783 1375 1249 1634 llllllll
1420 1356 1424 1363 ·

304 1737 627 1826 sententium
674 1735 1032 1826 AUCTORIBUS.

568 1924 775 1967 -οοβοζοο-

142 2062 260 2129 Satirao
284 2062 445 2128 Romanae
470 2065 557 2149 origo
581 2066 646 2129 tarn
673 2068 722 2129 est
759 2065 898 2149 antiqua,
937 2084 1032 2148 quam
1066 2063 1188 2149 ingenii
1219 2065 1312 2147 atque

85 2192 158 2237 rum
181 2172 285 2256 papuli
307 2172 449 2237 llomani.
475 2174 578 2238 Homo
602 2173 775 2257 Romanus
796 2175 885 2238 onius
908 2174 1032 2237 animus
1056 2190 1183 2254 semper
1206 2171 1313 2237 minus

85 2278 252 2343 literarum
278 2281 401 2357 studiis,
428 2301 522 2363 quam
546 2282 580 2344 in
598 2283 693 2346 rebus
717 2285 811 2364 atque
836 2302 896 2347 usu
931 2281 1011 2347 ritae
1046 2280 1223 2345 eommunis
1246 2299 1313 2345 ver·

85 2390 172 2465 ntur,
213 2407 285 2451 eum
320 2388 541 2472 indignatione
573 2390 708 2472 quadam
751 2390 886 2473 ineptias
928 2407 1113 2471 erroresque
1149 2387 1314 2477 hominum

85 2495 171 2559 isvis
197 2494 321 2578 generis
348 2494 549 2560 intuebatur:
575 2515 676 2580 nugas
700 2496 841 2580 vitiaque
866 2516 937 2562 eum
952 2488 1092 2575 homine,
1114 2497 1182 2559 tum
1205 2494 1313 2581 impri-

131 2603 274 2667 Romano
311 2605 444 2688 indigna
481 2608 568 2670 ratus
603 2610 763 2688 tamquam
800 2604 930 2670 herbam
964 2601 1108 2689 frugibus
1151 2602 1313 2668 inimicam

98 2714 183 2779 eitus
209 2715 381 2797 exstirpare
403 2714 535 2778 studuit.

138 2840 295 2920 Quamdiu
320 2860 441 2904 morum
464 2839 630 2925 integritas
651 2842 744 2922 atque
763 2838 915 2905 honestas
935 2838 973 2902 ab
988 2837 1135 2903 omnibus
1159 2834 1311 2900 Rornanis

85 2944 154 3013 bas
179 2947 238 3010 rite
274 2950 304 3009 et
336 2946 499 3011 colebatur
523 2950 554 3010 et
575 2948 810 3029 observabatur,
835 2948 983 3013 homines
1018 2966 1091 3012 vero
1116 2946 1218 3030 pravis
1241 2963 1312 3028 per-

85 3056 196 3138 ·,isque
222 3055 362 3119 moribus
387 3054 521 3119 ciuitatis
557 3054 682 3138 legibus
716 3053 1060 3139 plectebantur,1nihil
1087 3054 1153 3118 ‘fuit
1187 3071 1309 3129 causae,

108 3167 221 3249 poetae
246 3164 363 3227 satirici
388 3163 607 3247 indignatione
630 3165 778 3229 commoti
817 3164 891 3229 vitia
924 3181 1109 3246 erroresque
1143 3160 1311 3226 hominum

85 3266 224 3355 r'garent
249 3273 279 3332 et
315 3274 568 3353 perstringerent
606 3272 765 3355 „perditos
798 3272 884 3335 enim
909 3271 1033 3336 eivesa
1070 3287 1202 3334 oenaore
1245 3286 1309 3332 me-

109 3384 189 3458 erat,
215 3398 308 3461 qnam
332 3399 349 3442 a
373 3383 465 3462 poeta
490 3379 610 3444 notari“
621 3380 656 3464 ¹),
681 3380 784 3460 Quare
819 3378 969 3459 Lucilius,
1002 3377 1163 3443 Romanae
1195 3374 1309 3441 satirae

88 3504 147 3563 or,
174 3504 364 3568 quamquam
390 3486 535 3549 libertate
558 3485 605 3551 rel
630 3487 765 3550 maxima
798 3486 964 3551 hominnm
997 3485 1071 3550 vitia
1104 3482 1309 3568 reprehendit

85 3610 183 3675 oque
208 3593 271 3656 sale
291 3594 449 3677 perfrieat,
475 3600 582 3659 tamen
605 3593 684 3659 liber
708 3598 756 3659 est
780 3594 818 3658 ab
844 3596 931 3659 omni
964 3591 1186 3675 indignatione
1213 3594 1308 3675 atque

85 3695 209 3779 bitate,
236 3722 331 3784 quam
366 3703 484 3767 satirici
518 3702 718 3787 posteriores,
744 3702 871 3767 Persius
907 3705 937 3764 et
961 3698 1138 3778 Juvenalis,
1174 3719 1248 3784 prae
1273 3717 1307 3763 se

85 3809 176 3894 αθ).
203 3809 265 3874 Sed
289 3831 326 3875 ex
351 3831 411 3894 quo
437 3815 579 3896 tempore
602 3813 677 3877 uitia
700 3812 735 3875 in
759 3812 826 3876 dies
853 3827 1005 3889 creseere,
1029 3808 1162 3875 uirtutes
1186 3810 1306 3873 sensim

85 3928 216 3983 [escere
243 3923 424 4002 coeperunt,
450 3938 487 3983 ex
512 3939 573 4004 quo
597 3918 650 3983 illa
674 3918 791 4004 gloriae
826 3919 939 4003 aupido
975 3919 1069 4001 atque
1104 3935 1178 3981 vera
1207 3915 1306 3981 virtus

85 4070 212 4089 “-....-...
235 4082 239 4087 .

132 4146 230 4205 cicero
251 4151 283 4204 de
303 4150 407 4220 republ.
427 4149 475 4221 IV,
499 4154 539 4217 rt,
557 4151 600 4205 ln.

85 4296 93 4338 5
132 4254 260 4313 Teuffel:
281 4258 501 4313 Charakteristik
521 4260 569 4314 des
587 4258 688 4328 Horae,
708 4256 764 4311 Ein
782 4257 897 4326 Beitrag
915 4272 964 4310 nur
988 4238 1305 4323 'Liberaturgarehiohta

129 4346 250 4419 Leipzig
269 4349 346 4403 1842.
366 4364 392 4419 p.
412 4350 457 4403 ab.
474 4348 567 4404 Roth:
588 4349 621 4402 de
641 4349 743 4403 satirae
772 4346 915 4403 Romanae
943 4344 1043 4401 indole
1081 4343 1270 4405 &suaseramus
1287 4337 1328 4384 bs

89 4431 113 4440 ’”
147 4439 191 4493 ·tn
203 4440 230 4493 et
250 4452 346 4493 oaeasu
369 4438 460 4507 Progr.
481 4437 725 4497 daaSehdntbaler
739 4436 889 4497 Seminane
903 4436 1086 4495 Beilbrnnn.
1101 4428 1238 4491 tetm-
1261 4414 1358 4563 “i“
