2976 4808
655 336 833 404 ..29-

104 554 189 633 lacti,
201 554 254 638 qui
277 552 391 639 eoepit,
408 552 516 633 habet,
533 553 586 638 qui
600 555 704 619 autem
719 557 803 620 reete
816 554 941 621 vivendi
958 555 1389 641 prorogat'horam,rusticus

104 663 230 748 expetit,
244 663 319 727 dum
334 659 452 726 detinet
475 661 588 743 amnis,
614 664 645 725 at
664 659 716 727 illa
731 660 847 727 labitur
870 666 901 727 et
922 662 1045 728 labetur
1066 664 1098 728 iu
1123 683 1217 730 omne
1241 663 1389 730 volubilis

103 791 212 836 aeuum
228 769 323 856 (pr.
347 768 373 846 i,
394 765 504 853 bib.)
523 766 570 833 Hx
582 768 696 852 quibus
712 770 858 839 omnibus
868 769 1141 838 adhortationibus
1153 773 1278 838 animus
1290 772 1389 857 spirat

101 877 253 957 bominis,
263 876 316 960 qui
326 873 601 941 omneshumanae
611 880 742 941 naturae
751 881 854 959 partes
864 879 991 961 penitus
1001 882 1139 961 noverat,
1153 880 1242 945 amici
1252 881 1385 946 beneuo-

100 984 414 1068 lentisimi,quivitia
425 987 542 1048 tuasua
554 1003 679 1068 quoque
690 985 842 1070 agnoseit,
856 986 968 1050 medici
981 987 1099 1072 optimi,
1110 989 1163 1072 qui
1183 993 1310 1075 aegrota
1322 1007 1388 1053 cor-

101 1094 192 1179 poris
202 1092 343 1157 membra
352 1111 416 1158 non
427 1092 629 1173 abscidenda,
638 1093 694 1158 sed
707 1094 850 1158 sananda
866 1098 984 1173 censet,
1011 1096 1125 1161 iudicis
1153 1094 1383 1175 humanissimi,

105 1202 163 1285 qui
186 1220 251 1265 non
274 1200 387 1266 idcireo
411 1200 538 1278 iudicat,
563 1203 598 1264 ut
622 1202 760 1280 damnet,
782 1205 839 1267 sed
852 1206 887 1266 ut
896 1207 1014 1268 rectam
1026 1204 1205 1268 errantibus
1224 1222 1383 1269 common·

107 1311 189 1373 stret
215 1307 338 1384 viamtl)
362 1307 606 1390 Horatiusque
646 1313 711 1373 erat
731 1311 829 1377 animi
854 1312 1035 1397 sagacitate,
1061 1312 1178 1396 optima
1202 1313 1308 1376 omnia
1330 1332 1386 1397 per

108 1415 218 1501 spexit,
243 1435 322 1498 quae
347 1415 400 1480 illa
424 1421 525 1483 aetate
562 1418 712 1484 Romanis
749 1419 889 1497 deerant,
915 1420 996 1484 bene
1020 1419 1183 1499 intellexit,
1209 1418 1277 1485 tisri
1300 1418 1385 1484 nullo

108 1525 200 1589 modo
230 1544 335 1610 posse,
372 1528 408 1590 ut
432 1526 562 1609 antiqua
586 1527 728 1592 redirent
751 1531 903 1611 tempora,
928 1527 1034 1610 itaque
1058 1528 1091 1592 id
1115 1529 1199 1592 certe
1225 1527 1284 1591 sibi
1310 1547 1379 1611 pro·

104 1633 220 1721 posuit,
233 1639 267 1699 ut
280 1653 361 1718 quae
374 1643 569 1719 supererant,
584 1635 622 1701 ab
639 1636 769 1700 interitu
781 1638 930 1702 servaret.
943 1635 1033 1700 Vitae
1046 1637 1221 1720 praecepta,
1233 1635 1272 1700 ab
1285 1634 1385 1699 Hora-

101 1744 148 1808 tio
163 1762 200 1806 ex
223 1742 336 1806 intima
361 1741 560 1827 philosophia
583 1742 705 1820 hausta,
732 1743 873 1825 quamuis
892 1742 1028 1824 subtilia,
1043 1763 1060 1806 a
1073 1741 1222 1807 sensibus
1233 1743 1323 1833 quasi
1337 1761 1385 1807 re·

103 1854 202 1930 mota,
222 1853 310 1914 tanto
336 1849 467 1915 artificio
492 1850 551 1915 sub
573 1850 679 1916 oculos
707 1855 902 1927 revocantur,
929 1854 990 1915 tam
1017 1848 1182 1934 pellucidis
1197 1848 1386 1915 collustran-

104 1962 159 2023 tur
183 1957 345 2042 exemplis,
370 1977 408 2022 ex
426 1959 586 2023 communi
610 1960 673 2024 vita
697 1958 812 2042 petitis,
830 1960 865 2022 ut
879 1956 1052 2043 legentium
1066 1957 1190 2022 animus
1205 1960 1236 2022 et
1251 1957 1384 2023 delecte-

105 2070 160 2131 tur
182 2070 212 2131 et
237 2066 396 2131 doceatur.

215 2172 347 2257 Propter
370 2192 449 2258 quas
473 2172 603 2237 virtutes
628 2172 739 2238 merito
764 2172 824 2237 diei
846 2176 961 2256 potest,
986 2172 1090 2238 satiris
1114 2170 1296 2237 Horatianis
1316 2191 1385 2237 eam

107 2283 218 2347 inesse
242 2280 379 2346 indolem
406 2283 460 2357 „ut
483 2281 582 2346 risum
605 2280 713 2346 lectori
737 2283 893 2346 movendo
918 2282 1024 2346 tristes
1048 2280 1172 2347 solvant
1183 2281 1279 2346 animi
1292 2279 1383 2347 atico-

106 2396 159 2454 tus
184 2391 213 2453 et
239 2393 381 2454 animum
405 2389 444 2454 ab
468 2389 645 2454 intentione
669 2409 774 2454 rerum
799 2393 983 2474 frequenter
1008 2392 1149 2456 auertant
1165 2392 1195 2454 et
1214 2388 1383 2473 aliquando

101 2498 252 2565 reficiant
276 2501 307 2562 et
330 2518 347 2561 a
372 2498 515 2563 satietate
539 2497 587 2562 vel
611 2519 628 2562 a
651 2498 837 2579 latigatione
859 2497 1128 2582 removeant“⁶¹).

214 2604 301 2686 Quae
324 2604 407 2670 Roth
431 2604 451 2672 l.
476 2605 497 2670 l.
522 2625 594 2690 pag.
620 2605 649 2669 t.
675 2605 762 2684 dixit,
789 2624 887 2671 novae
912 2610 1025 2671 satirae
1045 2606 1105 2670 hoo
1129 2605 1383 2689 esscproprium,

102 2717 139 2779 ut
164 2715 205 2778 ad
240 2714 349 2798 poesin
386 2714 572 2779 didacticum
598 2718 664 2779 tota
687 2713 841 2779 referatur
866 2717 897 2778 et
921 2715 955 2779 in
981 2732 1044 2778 una
1068 2713 1197 2778 materia
1220 2713 1383 2795 consistat,

102 2840 185 2905 quae
221 2821 288 2885 eius
320 2821 405 2886 modi
441 2823 490 2900 sit,
525 2826 560 2887 ut
595 2820 691 2886 seculi
724 2840 828 2886 mores
859 2822 898 2886 ab
940 2821 1093 2888 institutis
1129 2821 1240 2906 patriis
1283 2821 1386 2885 desci-

102 2933 187 2995 visse
213 2932 396 3012 arguautur,
424 2949 460 2995 ea
496 2930 535 2994 ad
565 2929 676 3023 poesin
701 2929 859 2995 satirioam
891 2928 1087 2994 Juvenaliam
1125 2929 1241 3013 optime
1275 2927 1385 2993 referri

104 3041 252 3122 possunt.

174 3204 184 3215 ,
213 3145 246 3210 si
271 3145 342 3229 quis
366 3145 451 3211 enim
483 3145 572 3227 alius,
610 3145 771 3211 luvenalis
794 3147 821 3210 is
846 3149 904 3226 est,
929 3145 983 3228 qui
1007 3144 1223 3210 Romanorum
1239 3147 1385 3231 antiquo-

106 3273 178 3319 rum
200 3244 336 3339 priscam
362 3253 592 3338 simplicitatem
618 3255 745 3320 unicam
769 3255 1093 3339 perfectissimamque
1118 3257 1208 3338 putet
1231 3273 1301 3320 esse
1325 3255 1384 3320 rir-

105 3365 172 3428 tute
208 3410 217 3439 ,
248 3364 326 3429 adeo
360 3365 396 3426 ut
424 3381 679 3447 unamquemque
704 3362 854 3429 virtutem
878 3361 1026 3429 abolitam
1052 3380 1123 3427 esse
1147 3365 1286 3442 censeat,
1312 3382 1383 3429 eum

57 3452 73 3577 [ι
104 3382 245 3600 τηεῐςὲοε
281 3471 366 3536 eibos
399 3470 621 3556 simplicesque
663 3474 766 3537 vestes
799 3471 953 3537 maiorum
1002 3467 1186 3554 aequalibus
1218 3469 1384 3555 displicere

106 3580 221 3646 videat.
245 3579 413 3645 Horatium
437 3579 559 3645 modice
580 3582 705 3645 tantum
733 3583 895 3665 ,tempora
929 3581 999 3644 acta
1023 3578 1203 3674 praedicare
1227 3579 1382 3665 videmus,

107 3692 156 3755 est
179 3689 265 3755 enim
289 3688 373 3754 tilius
397 3692 428 3755 et
451 3690 541 3772 quasi
564 3688 667 3774 imago
692 3690 847 3772 quaedam
863 3708 936 3754 suae
950 3685 1277 3771 aetatis,⁶²)tempora
1294 3708 1384 3772 prae·

108 3796 200 3865 terite
222 3797 395 3895 admiratur
418 3797 545 3882 quidem
569 3795 778 3882 laudibusque
802 3797 923 3887 extollit
946 3815 1040 3880 qnam
1064 3794 1220 3877 maximis,
1245 3815 1311 3862 non
1334 3801 1383 3864 ta·

146 4014 181 4085 ⁸⁰)
217 4013 247 4068 Ο.
267 4014 294 4069 J.
313 4011 408 4066 Bolia:
430 4012 469 4067 De
489 4009 605 4067 Horatio
625 4015 651 4067 et
671 4011 814 4068 Jrrvenale.
834 4009 941 4068 Teuffel
973 4010 1195 4068 Charakteristik
1227 4011 1274 4067 des
1293 4009 1387 4068 Horam

143 4198 182 4268 ⁸¹)
214 4107 360 4267 Hatgdigssl,
382 4195 400 4256 l.
420 4212 449 4268 p.
468 4197 511 4251 ts.
531 4196 557 4249 9.
576 4191 682 4249 Arnold
702 4191 722 4248 l.
742 4192 762 4249 l.
781 4209 845 4265 pag.
865 4210 922 4265 sqq.
942 4191 1034 4248 Verba
1054 4194 1117 4249 sunt
1147 4191 1290 4248 Ciceronis
1309 4172 1383 4248 facess

115 4410 122 4415 ·
142 4380 182 4453 ⁸¹)
213 4286 603 4443 ῈεΡίέἰῗῗὲιῗῃὲὶεὲοίεοᾱθ
621 4375 651 4431 la
669 4373 837 4441 Litterature
856 4371 1000 4447 Romaine,
1018 4373 1153 4446 septiens
1170 4369 1395 4445 editiomasxx

167 4456 170 4463 ’
216 4470 295 4527 1876.
313 4483 341 4541 p.
361 4467 569 4538 406.Kaysaler
587 4467 608 4524 l.
626 4466 646 4526 1.
665 4483 693 4545 p.
717 4468 761 4527 15.
875 4527 879 4533 ,
941 4486 946 4491 ·
