2976 4808
707 285 883 351 ..32-

266 497 451 583 Nequein
485 500 654 567 virtutibus
690 501 803 567 satirae
838 500 1063 566 Juvanolianae
1098 497 1172 582 poni
1210 500 1326 585 potest,
1354 504 1442 589 quod

160 626 324 692 nunquam
345 612 456 693 poetae
480 609 579 693 ipsius
604 608 667 673 ulla
697 609 733 675 fit
756 610 894 686 mentio;
920 612 1011 693 poeta
1035 609 1101 691 ipse
1126 627 1291 692 nunquam
1317 630 1353 676 se
1375 611 1441 679 fera

159 716 314 793 viliorum,
342 736 421 801 quae
446 716 630 800 aequalibus
657 718 770 783 aetatis
809 736 882 782 suae
919 717 1096 801 exprobrat,
1129 716 1315 800 participem
1353 717 1440 799 tacit,

160 824 245 890 unde
278 826 323 907 fit,
358 828 393 889 nt
422 845 486 891 non
518 828 679 910 tamquam
714 825 844 902 amicus,
870 823 923 907 qui
948 826 1051 888 tecum
1078 822 1172 904 dolet,
1198 828 1358 908 appareat,
1387 828 1442 893 sed

161 933 250 1017 quasi
264 932 422 997 semideus
436 933 572 1017 quidam,
584 954 601 997 a
614 933 744 999 numine
757 932 892 1016 quodam
907 932 1006 995 adres
1018 929 1181 995 hominurn
1195 933 1322 1014 penitus
1336 936 1440 1001 trane·

160 1037 343 1105 formandas
368 1041 555 1122 destinatus
581 1045 740 1127 appareat.
789 1039 1074 1104 adhortationibus
1114 1039 1267 1104 eiusmodi
1302 1060 1376 1106 nou
1407 1062 1438 1109 er

162 1147 274 1212 intimo
298 1150 422 1231 pectore
447 1147 605 1231 protectis,
630 1169 696 1215 non
733 1172 750 1215 a
782 1167 856 1214 vero
891 1147 1020 1212 homine
1053 1165 1157 1229 neque
1191 1145 1376 1213 humanum
1407 1150 1430 1215 in

160 1253 289 1318 modurn
314 1254 447 1334 traditis,
468 1273 572 1338 neque
595 1275 812 1341 permovemus
837 1274 941 1339 neque
965 1253 1153 1318 attrahimur
1170 1291 1210 1299 —-
1227 1272 1330 1318 unum
1357 1276 1429 1323 asse

163 1364 269 1446 quitur
292 1364 382 1445 poeta
408 1400 444 1409 -—
472 1362 630 1428 absterret
651 1384 668 1428 a
691 1366 786 1431 vitiis.
814 1363 874 1450 „Et
899 1366 947 1427 est
974 1364 1129 1445 quaedam
1153 1366 1261 1425 tamen
1284 1360 1339 1428 hie
1362 1385 1436 1449 quo·

162 1489 222 1553 que
243 1468 373 1546 virtns“‚
397 1485 459 1550 qua
481 1468 647 1535 Horatium
672 1470 779 1556 procul
799 1471 893 1536 dubio
913 1468 1074 1535 luvenalis
1099 1471 1236 1553 superat.

267 1593 429 1658 luvenalis
467 1613 532 1660 non
557 1596 668 1660 eadem
691 1595 774 1662 felici
799 1615 874 1661 usus
899 1599 949 1660 est
972 1578 1164 1678 conditione,
1190 1613 1251 1676 qua
1275 1593 1438 1677 Horatius,

163 1702 214 1786 qni
257 1702 433 1786 principum
459 1723 717 1793 summorumque
753 1704 885 1769 civitatis
918 1704 1056 1769 virorum
1093 1703 1326 1768 consuetudine
1364 1726 1440 1773 usne

162 1809 240 1876 illud
264 1808 409 1874 versatile
433 1809 598 1895 ingenium
621 1816 734 1878 nactus
759 1815 816 1890 est,
843 1811 927 1894 quod
951 1812 986 1875 in
1010 1808 1204 1873 carminibus
1229 1810 1296 1876 eius
1318 1815 1441 1880 tantam

163 1920 267 1982 moret
289 1917 539 1982 admirationem.
584 1915 685 1998 Quam
708 1919 829 1985 urbane
854 1921 945 1998 poeta
968 1920 1074 2002 partes
1098 1918 1313 2001 praeceptoris
1340 1922 1441 1987 severi

164 2043 241 2090 ase
265 2026 426 2089 sustentas
450 2022 627 2088 dissimulat
615 2028 821 2108 t,quamque
846 2043 939 2108 saepe
965 2024 1070 2089 doceri
1094 2042 1128 2088 se
1159 2023 1238 2090 velle
1272 2045 1290 2089 a
1324 2026 1439 2095 lectore

164 2134 312 2211 ostendit
339 2131 504 2216 dumipee
528 2133 733 2216 praecipitet
702 2134 864 2198 ettdooel
911 2133 1025 2197 Utin
1048 2131 1127 2217 Epp
1163 2131 1188 2211 l,
1227 2133 1279 2212 17,
1307 2133 1363 2218 13,
1387 2137 1441 2203 ubi

164 2240 323 2328 Diogenes
348 2240 386 2303 ad
410 2237 607 2322 Aristippum
630 2238 708 2304 haec
733 2240 826 2304 dicit:

373 2344 424 2421 „Si
449 2345 619 2430 pranderet
641 2345 734 2411 holus
755 2349 920 2431 patienter,
944 2346 1072 2431 regibus
1097 2347 1142 2411 nti

377 2452 504 2533 „Nollet
526 2454 719 2540 Aristippus.
768 2454 799 2520 Si
824 2457 919 2521 sciret
942 2455 1138 2540 regibusuti

378 2560 567 2636 „Fastidiret
590 2561 693 2642 holus,
719 2565 772 2647 qni
797 2584 845 2628 me
870 2568 969 2629 notat.
1003 2563 1108 2629 Uirtus
1129 2562 1242 2627 bornae

378 2667 504 2746 ,Verbo
520 2668 634 2750 probes
656 2674 686 2735 et
705 2671 804 2752 focho
761 2671 902 2735 tdoce
923 2670 1006 2736 cel
994 2670 1101 2734 tucior
1123 2670 1230 2733 oodif‘

269 2774 353 2856 Quae
388 2775 487 2841 virtus
528 2775 674 2843 Juvenali
709 2796 812 2862 neque
847 2797 865 2841 a
899 2790 1012 2842 natura
1048 2778 1120 2842 data
1156 2779 1232 2855 erat,
1270 2777 1440 2859 nequead

163 2885 406 2966 aetatemque
436 2882 541 2949 floruit
528 2884 787 2967 tconreuiebat
817 2905 879 2970 qua
912 2904 1012 2950 unum
1047 2888 1170 2949 tantum
1195 2883 1277 2949 nihil
1308 2884 1440 2969 periculi

163 2990 351 3055 habuit—
385 2992 547 3076 tacere.⁶⁰)
624 2991 727 3074 Quare
772 2993 849 3078 quid
896 2995 1021 3075 mirum,
1074 2992 1157 3076 quod
1192 2990 1356 3057 luvenalis
1383 3012 1438 3057 na·

163 3103 233 3164 tura
267 3100 311 3162 ita
346 3100 522 3182 institutus,
554 3104 590 3165 ut
625 3104 678 3165 aut
708 3120 781 3166 vera
812 3101 908 3186 loqui,
944 3106 998 3166 aut
1033 3106 1137 3165 tacere
1176 3100 1261 3184 apud
1296 3099 1439 3166 animum

163 3226 256 3271 suum
280 3210 341 3270 stat
311 3208 422 3271 aluerit
425 3228 624 3293 ,paucorum
663 3213 786 3276 tantum
819 3212 991 3276 amicorum
1027 3209 1257 3275 consuetudine
1280 3207 1392 3275 utteba
1379 3214 1438 3293 tur,

164 3314 351 3397 quibuscum
396 3314 598 3380 consiliorum
633 3317 781 3382 societate
816 3337 1002 3401 morumque
1049 3315 1254 3382 similitudine
1305 3318 1440 3382 coniun-

164 3423 233 3485 ctus
263 3440 300 3485 ea
331 3440 410 3504 quae
442 3423 620 3507 scripserat,
655 3422 931 3488 communicabat?
976 3426 1044 3505 Quo
1077 3428 1181 3488 autem
1207 3423 1308 3507 magis
1346 3423 1440 3489 liber·

165 3533 212 3592 tas
253 3528 378 3594 dicendi
414 3532 481 3593 erat
523 3529 660 3594 cavenda
696 3531 805 3594 mortis
841 3537 894 3594 ant
935 3530 1016 3595 exilii
1052 3527 1190 3614 periculo
1238 3528 1438 3609 imminente,

164 3656 201 3702 eo
244 3636 461 3702 vehementius
493 3635 685 3720 liberiusque
719 3637 754 3703 in
789 3637 960 3704 amicorum
997 3636 1113 3703 circulo
1148 3637 1278 3702 remotis
1311 3635 1441 3705 arbitris

165 3743 405 3828 erumpebatffl)

271 3848 493 3934 Quaecumque
517 3853 555 3917 de
575 3850 727 3919 Juvenale
751 3851 881 3935 eiusque
905 3852 1009 3933 satira,
1035 3874 1053 3916 a
1075 3853 1148 3919 viris
1173 3852 1273 3917 doctis
1296 3851 1440 3920 ferentur

164 3958 288 4036 iudicia,
312 3956 346 4021 id
369 3976 445 4024 sane
469 3975 563 4023 nemo
587 3958 616 4024 ei
641 3977 698 4024 suo
733 3958 800 4022 iure
824 3958 948 4040 obiciet,
983 3958 1120 4026 defuisse
1151 3959 1255 4024 satiris
1291 3960 1359 4027 eius
1394 3983 1440 4028 ar·

164 4120 377 4135 Μ

201 4212 239 4283 ⁸⁸)
275 4207 321 4265 W.
339 4208 366 4265 S.
385 4204 509 4263 Teuffel:
539 4205 704 4263 Geechichte
722 4206 771 4264 der
789 4207 943 4264 rdmischen
962 4208 1101 4264 Literatur
1119 4209 1159 4264 Il.
1179 4207 1296 4279 Autlage
1321 4213 1440 4287 Leipzig

173 4361 179 4369 ,
229 4338 232 4343 -
274 4300 390 4371 1872p.
409 4300 517 4354 691...
606 4330 611 4337 ·

203 4405 240 4481 ⁸⁷)
276 4378 405 4477 no'nrgr.
424 4404 443 4461 1.
462 4420 489 4477 p.
508 4406 551 4461 se.
577 4434 605 4445 -
622 4404 668 4461 eo.
733 4470 736 4475 ,
