2976 4808
653 349 865 417 „18-

121 588 248 652 tantum
269 586 331 652 fuit
353 604 457 669 neque
481 584 607 651 illarum
633 586 853 651 recitationum
876 585 956 652 uiam
978 586 1143 672 ingressus
1155 592 1214 669 est,
1229 609 1292 674 qua
1304 593 1396 658 multi

120 697 152 760 et
171 694 329 761 ambitiosi
359 694 492 779 gloriam
516 699 592 760 tunc
628 694 778 780 temporis
814 694 1018 779 quaerebant.
1052 693 1121 777 Qua
1151 696 1187 762 in
1209 718 1244 764 re
1268 698 1394 767 Horatii

120 802 232 869 similis
266 808 316 870 cst
346 806 447 888 poeta,
485 803 540 887 qui
572 803 705 888 etipse
740 822 903 887 nunquam
927 802 992 869 sere
1014 802 1154 870 recitavit
1180 807 1262 889 „uisi
1284 809 1394 873 amicis

118 912 214 997 idque
238 916 375 991 coactus,
400 930 466 977 non
488 912 592 978 ubivis
616 931 758 978 coramve
772 907 1000 994 quibuslibet“‚
1015 910 1070 995 qui
1090 930 1252 997 nunquam
1270 913 1302 979 id
1318 898 1392 1000 egit,

119 1024 154 1087 ut
180 1021 348 1103 „tabernae
368 1017 609 1104 bibliopolarum
632 1025 686 1085 aut
718 1018 798 1105 pilae
837 1037 912 1083 suos
935 1018 1092 1085 haberent
1114 1018 1267 1087 libellos.“
1294 1022 1395 1103 Quae·

118 1129 210 1206 renti,
243 1128 372 1211 quinam
409 1126 478 1193 lieri
507 1128 653 1212 potuerit,
678 1127 762 1211 quod
794 1130 895 1212 poete,
938 1127 1026 1192 cuius
1050 1127 1131 1194 vitae
1169 1129 1300 1195 maxima
1321 1148 1393 1215 pars

117 1236 152 1301 in
188 1238 333 1316 aetatem,
369 1255 450 1321 quae
475 1256 569 1302 aurea
592 1235 776 1320 appellatur,
800 1235 923 1313 incidit,
948 1237 1034 1299 tanta
1057 1233 1279 1320 indignatione
1304 1242 1392 1321 atque

117 1343 287 1410 acerbitate
308 1344 342 1408 in
378 1342 546 1408 hominum
582 1343 657 1407 vitia
692 1342 867 1421 invehatur,
903 1341 995 1408 facile
1032 1343 1091 1408 erit
1114 1363 1314 1430 responsum.
1338 1345 1397 1426 Qui

118 1452 204 1517 onim
227 1452 338 1518 satiras
361 1451 586 1517 Juvenelianas
609 1455 695 1516 recte
720 1451 889 1517 aestimare
912 1449 989 1530 uult,
1015 1453 1088 1515 ante
1106 1451 1211 1517 omnia
1244 1453 1397 1517 memoria

116 1564 224 1628 teneat
247 1580 377 1627 neccsse
402 1566 459 1640 est,
485 1580 588 1646 neque
613 1581 668 1646 per
692 1578 726 1625 se
744 1560 848 1645 ipsum
863 1557 1011 1625 credibile
1029 1579 1111 1646 esse,
1126 1559 1396 1625 moresRomcnc·

117 1688 187 1734 rum
214 1671 315 1734 aetate
339 1666 486 1747 Neronis,
500 1669 671 1734 Domitiani
686 1668 943 1751 inquinatostcm
956 1666 1061 1732 citoin
1073 1665 1218 1733 meliores
1230 1666 1394 1750 abiisse⁴³)

117 1795 221 1862 neque
244 1779 380 1863 poetam,
405 1778 459 1862 qui
483 1777 541 1843 sub
566 1777 749 1843 Domitiano
774 1780 896 1842 tautam
921 1795 1043 1841 morum
1058 1756 1389 1907 corruptelepviderit

115 1904 246 1971 prorsus
271 1886 380 1970 nigros
404 1885 525 1952 colores
549 1887 673 1954 abicere
696 1885 868 1967 laudesque
893 1902 967 1947 suae
993 1882 1390 1969 aetatiscanerepotuisse,

117 1997 366 2059 consentaneum
391 2013 471 2059 esse.

718 2184 801 2271 §.a

137 2331 393 2438 Quomodo
452 2331 741 2417 institutus
812 2324 969 2427 atque
1027 2329 1380 2426 praeparatus

135 2462 357 2567 uterque
401 2460 552 2565 poeta
596 2454 792 2538 satirae
825 2446 1146 2658 opneeribere
1179 2464 1379 2549 aggres-

635 2598 728 2662 eue
773 2576 847 2660 eit

224 2753 307 2814 Vera
330 2747 469 2812 estsine
494 2744 588 2810 dubio
620 2742 726 2827 opinio
757 2758 876 2821 eorum,
912 2735 967 2820 qui
999 2732 1112 2799 satiras
1147 2729 1299 2816 optimum
1322 2747 1394 2794 csse

118 2875 197 2940 opus
232 2856 442 2921 Horatianum
473 2853 664 2919 existiment.
700 2850 740 2915 Iu
776 2846 880 2913 satiris
913 2843 998 2910 euim
1030 2843 1115 2907 totus
1151 2839 1200 2904 est
1231 2836 1392 2922 Horatius,

118 2965 243 3049 saepius
265 2962 429 3048 profitetur
456 2980 509 3037 „se
534 2958 690 3026 delectare
713 2955 848 3043 pedibus
871 2951 1016 3019 claudere
1049 2947 1162 3014 verba.
1178 2943 1277 3010 Lucili
1310 2944 1391 3008 ritu“

120 3069 192 3153 (eet.
217 3069 258 3149 ΙΙ,
286 3073 314 3152 1,
340 3067 419 3153 28),
445 3069 479 3133 in
503 3067 607 3133 satiris
632 3066 796 3152 ingenium
826 3062 960 3141 Horatii,
984 3058 1138 3126 naturalis
1172 3055 1226 3121 illa
1260 3055 1394 3135 indoles,

118 3179 223 3244 nativa
259 3178 414 3264 quaedam
448 3176 589 3243 hilaritas
625 3179 742 3261 optime
774 3170 973 3259 perspicitur.
1007 3166 1191 3250 Antequam
1226 3167 1319 3249 poeta
1354 3163 1395 3227 ad

118 3288 231 3352 satiras
256 3287 493 3373 componendas
518 3285 663 3364 accessit,
687 3282 822 3349 multum
846 3277 963 3344 laboris
987 3295 1021 3341 ee
1047 3271 1240 3357 impendisse
1272 3273 1304 3336 et
1326 3270 1395 3356 ipsa

117 3396 283 3461 contendit
306 3400 338 3460 et
361 3415 398 3461 ex
435 3394 627 3462 carminibus
662 3393 738 3459 satis
775 3387 910 3453 dilucide
944 3385 1040 3470 patet.
1077 3379 1206 3446 NuHam
1240 3398 1274 3444 se
1309 3379 1394 3444 enim

117 3504 202 3571 diem
225 3505 451 3572 intermississe
480 3505 660 3580 confitetur,
684 3500 763 3586 quin
787 3496 905 3582 aliquid
929 3500 983 3560 aut
1007 3492 1159 3559 scriberet
1190 3493 1243 3554 eut
1275 3487 1394 3573 legeret

117 3612 183 3700 (sat
204 3612 230 3693 I,
257 3612 287 3699 6,
312 3613 401 3698 122),
426 3632 556 3699 poscere
580 3621 654 3676 ante
678 3610 764 3675 diem
786 3604 901 3670 librum
926 3621 998 3667 cum
1021 3599 1141 3665 lumine
1164 3595 1242 3661 alios
1267 3615 1392 3680 quoque

116 3720 294 3808 iubet,„qui
317 3722 482 3809 egregium
505 3719 624 3806 aliquid
648 3716 830 3793 moliuntur,
856 3710 950 3798 (pr.
976 3710 1001 3791 Ι,
1030 3710 1059 3789 2,
1088 3705 1155 3793 35),
1187 3706 1255 3791 ipse
1279 3705 1394 3769 adres

118 3829 271 3898 honestas
295 3832 436 3897 animum
459 3831 635 3907 intendere,
661 3824 773 3890 studiis
796 3841 916 3901 vacare,
942 3840 959 3883 a
983 3821 1083 3903 primo
1108 3832 1200 3880 mane
1231 3830 1331 3897 usque
1356 3811 1396 3876 ad

118 3958 285 4027 uesperum
308 3958 473 4025 nunquam
497 3937 626 4005 destitit.
651 3934 726 4020 (sat.
748 3930 790 4013 ΙΙ,
816 3928 846 4011 6,
872 3926 924 3995 59.
948 3926 990 4008 ΙΙ,
1016 3922 1129 4008 3,11).
1148 3921 1266 3987 Graeca
1284 3920 1394 4005 impri-

120 4049 180 4114 mis
203 4048 365 4114 literarum
390 4045 494 4113 studia
529 4045 568 4110 ad
600 4039 804 4110 retinendum
839 4036 969 4101 madum
1002 4032 1102 4111 illum,
1127 4046 1221 4115 quem
1244 4028 1278 4093 in
1302 4028 1396 4093 casti-

119 4154 224 4242 gando
244 4160 276 4222 ot
297 4156 456 4223 laudando
481 4153 559 4220 mira
583 4151 719 4237 quadam
743 4150 809 4213 arte
833 4146 988 4223 observat,
1006 4139 1155 4206 nonnihil
1179 4135 1392 4206 contuleruut.

119 4264 326 4351 Praeceptum
349 4262 437 4343 illud,
461 4261 547 4347 quod
569 4257 685 4344 legitur
708 4258 741 4323 iu
765 4264 875 4341 poetae
886 4248 1020 4337 epistula
1042 4248 1082 4313 ad
1101 4247 1236 4314 Pisones
1259 4265 1287 4310 v.
1311 4239 1391 4308 263:

156 4499 193 4571 ¹⁸)
230 4495 429 4556 Friedltuder:
449 4488 699 4566 Sitteugesohlolrte
717 4488 802 4547 Rome
824 4494 846 4546 1.
866 4488 909 4545 60.
