2976 4808
630 305 808 387 .-a-

94 527 244 592 maximas
281 526 579 611 sordidissimasque
624 523 811 609 cupiditates
853 522 1068 610 libidinesque
1116 526 1254 593 satiaret.
1301 525 1376 614 Ipse

93 635 259 719 Augustus
284 654 476 719 quamquam
497 652 623 718 semper
653 633 718 697 iere
742 631 782 696 ad
817 630 983 697 hominum
1017 652 1119 700 mores
1154 634 1376 703 emendandos

92 743 343 828 dignitatemque
368 741 501 808 civitatis
523 741 702 826 augendam
735 739 876 804 animum
908 740 1057 822 intendit,
1092 745 1210 824 tamen,
1249 762 1321 809 cum
1343 742 1378 811 id

91 852 258 937 praecipue
283 853 401 935 ageret,
426 852 462 915 ut
484 868 618 934 regnum
642 848 704 914 sibi
727 848 857 933 suisque
879 848 1030 931 firmaret,
1055 849 1205 916 nonnihil
1242 852 1282 917 ad
1304 870 1376 937 per·

94 957 209 1023 niciem
236 957 370 1024 civitatis
393 958 568 1044 contulitl)

205 1063 248 1128 Ut
271 1065 354 1129 enirn
383 1065 507 1130 animos
543 1063 656 1131 civium
688 1064 749 1131 sibi
780 1065 973 1148 conciliaret,
1008 1065 1228 1152 libertatisque
1270 1067 1375 1136 dulce·

96 1173 203 1236 dinem
227 1171 381 1239 oblivione
406 1172 563 1254 obrueret,
589 1171 714 1257 plebem
738 1192 907 1240 munerum
929 1172 1141 1258 ludorumque
1166 1175 1375 1261 magnificen-

96 1279 139 1344 tia
161 1279 326 1364 mulcebat,
351 1282 510 1367 principes
535 1284 602 1348 tum
626 1281 790 1348 beneficiis
815 1282 950 1349 cuiusvis
974 1283 1102 1368 generis
1133 1283 1194 1348 sibi
1218 1284 1376 1351 devincie-

95 1386 158 1469 bat,
182 1389 304 1454 turned
326 1390 430 1455 studia
453 1389 609 1455 excitabat
633 1389 748 1455 artium
771 1394 803 1455 et
820 1389 993 1472 literarum,
1017 1390 1078 1456 sibi
1104 1389 1163 1457 soli
1179 1393 1271 1477 regui
1295 1411 1377 1459 onus

96 1504 128 1561 et
150 1494 362 1562 emolumenta
385 1497 562 1564 vindicans.
586 1497 696 1564 Nihilo
721 1501 830 1565 tamen
855 1499 957 1565 secius
978 1503 1065 1565 aetas
1088 1499 1254 1585 Augustea
1278 1499 1377 1567 multo

94 1601 205 1668 melior
236 1601 418 1688 feliciorque
456 1610 522 1670 erat
556 1605 706 1670 extremis
737 1606 782 1670 rei
817 1603 962 1691 publicae
997 1605 1204 1691 temporibus,
1228 1611 1377 1693 princeps

92 1711 178 1776 enim
198 1710 234 1775 id
258 1711 333 1796 egit,
357 1714 393 1777 ut
416 1711 507 1796 quies
531 1715 626 1796 atque
663 1712 804 1796 dignitas
837 1711 970 1796 pristina
1004 1713 1234 1794 restitueretur,
1276 1712 1376 1780 multa

93 1819 168 1885 vitia
199 1816 384 1903 sceleraque
407 1817 533 1904 legibus
558 1822 780 1885 coercerentur
803 1818 1029 1900 saluberrimis,
1066 1821 1134 1907 ipse
1167 1821 1263 1887 vitam
1287 1841 1378 1887 suam

94 1928 253 2009 tamquam
278 1922 422 2011 exempla
459 1925 500 1990 ad
533 1925 724 1992 imitandum
763 1927 960 2013 proponebat
982 1928 1113 2010 civibus,
1150 1929 1287 2014 optimus
1324 1929 1380 1996 de·

92 2033 190 2118 nique
221 2033 281 2098 fuit
303 2036 397 2117 etque
421 2052 540 2118 aequus
566 2034 733 2119 imperator
757 2052 831 2120 erga
855 2053 996 2099 summos
1029 2037 1061 2099 et
1096 2035 1267 2121 infimos),
1287 2034 1379 2103 Idem

93 2145 177 2207 artes
200 2139 373 2225 literaeque
397 2143 492 2226 atque
511 2141 642 2226 ingenia
665 2162 743 2207 suae
767 2142 881 2208 aetatis
906 2143 1053 2208 omnibus
1076 2145 1179 2210 modis
1203 2143 1289 2223 fovit,
1315 2162 1378 2228 qua

97 2251 134 2315 in
156 2269 190 2315 re
209 2249 247 2315 ab
272 2250 392 2330 amicis,
418 2269 553 2334 quorum
575 2251 712 2335 optimos
747 2251 830 2316 circa
865 2270 899 2318 se
932 2270 1058 2337 semper
1090 2251 1210 2330 habuit,
1247 2251 1374 2336 egregie

95 2359 144 2422 est
167 2356 305 2439 adiutus,
329 2359 406 2421 uta
441 2356 637 2437 Maecenate,
668 2356 782 2424 Asinio
818 2357 971 2438 Pollione,
1010 2357 1088 2423 aliis.
1125 2357 1229 2440 Quare
1257 2358 1378 2424 factum

92 2468 152 2544 est,
177 2467 213 2529 ut
246 2463 344 2530 multa
382 2469 413 2530 et
447 2463 607 2549 praeclara
641 2464 695 2530 illa
731 2469 834 2531 aetate
868 2465 1040 2531 existerent
1073 2465 1215 2551 ingenia,
1240 2485 1376 2551 quorum

93 2590 189 2656 opera
213 2570 251 2636 ad
275 2591 379 2637 mores
405 2572 529 2658 civium,
565 2572 592 2637 si
627 2590 693 2637 non
729 2572 957 2652 emendandos,
996 2576 1027 2639 at
1064 2574 1149 2638 certe
1183 2571 1376 2638 excolendos

92 2679 263 2764 plurimum
295 2678 509 2746 contulerunt.
544 2680 688 2746 Libertas
723 2680 850 2745 dicendi
886 2679 1112 2765 scribendique
1145 2698 1212 2745 non
1247 2680 1377 2765 quidem

92 2807 229 2874 semper,
253 2790 364 2853 tamen
386 2789 547 2855 interdum
572 2807 733 2869 concessa,
758 2788 885 2870 animis,
908 2789 964 2873 qui
988 2807 1080 2854 suum
1109 2788 1263 2854 indicium
1286 2786 1376 2872 sequi

92 2896 250 2979 solebant,
278 2901 491 2965 constantiam
515 2898 659 2964 nondum
683 2897 810 2979 ademit,
834 2897 902 2963 sine
927 2916 989 2982 qua
1014 2895 1093 2962 nihil
1129 2895 1262 2981 perlecti
1286 2894 1375 2981 cogi·

94 3004 155 3069 tari
179 3007 299 3090 potest:
324 3005 464 3083 libertas,
489 3024 681 3090 quamquam
705 3024 771 3071 uon
805 3004 839 3070 in
875 3005 1018 3069 omnium
1047 3022 1111 3084 ore,
1143 3011 1174 3068 at
1207 3002 1377 3069 tamenin

92 3111 234 3177 omnium
257 3112 323 3178 iere
347 3116 454 3178 mente
478 3116 572 3197 atque
606 3113 796 3197 cogitatione
831 3110 900 3195 tuit,
934 3129 1048 3197 neque,
1084 3112 1111 3176 si
1148 3110 1228 3177 forte
1251 3112 1377 3196 praeter

91 3218 222 3285 modum
245 3222 400 3305 eruperat,
427 3220 699 3305 opprimebatur⁵).

197 3324 299 3392 Multo
324 3324 384 3391 alia
407 3325 571 3411 estimago
597 3325 794 3410 aetatisque
816 3321 978 3390 Juvenalis
995 3321 1080 3403 vixit,
1103 3343 1199 3408 quem
1221 3324 1257 3389 in
1271 3325 1376 3389 satiris

89 3433 282 3519 descriptam
305 3433 441 3518 reliquit.
462 3433 672 3518 Imperatores
696 3433 782 3497 euim
796 3430 880 3498 illius
904 3434 1055 3516 temporis
1068 3449 1135 3496 non
1157 3431 1219 3496 iam
1244 3430 1376 3497 consilia

88 3561 148 3608 sua
168 3540 325 3608 occultare
338 3541 487 3607 student:
511 3542 641 3627 imperio
655 3539 745 3625 potiti
758 3539 905 3604 omnibus
929 3538 1050 3603 artibus
1074 3538 1218 3604 obtinere
1232 3538 1375 3636 cupiunt,

88 3667 171 3735 quae
181 3650 402 3734 possederunt,
422 3649 522 3714 invidi
540 3652 633 3732 atque
646 3647 824 3733 suspicaces
840 3645 1006 3725 inomneS,
1031 3644 1085 3729 qui
1096 3643 1188 3729 paulo
1211 3643 1375 3714 liberiores

91 3757 184 3824 dictis
204 3756 254 3825 rel
276 3757 367 3823 iactis
390 3756 523 3844 pristina
546 3759 688 3842 tempora
711 3773 856 3821 revocare
880 3755 1002 3839 parant.
1016 3752 1096 3835 Quia
1111 3771 1177 3819 non
1189 3751 1279 3820 licuit
1302 3773 1375 3820 eum

91 3882 173 3947 esse,
197 3865 251 3950 qui
275 3865 408 3949 quisque
432 3867 508 3946 eret,
532 3863 678 3931 homines
703 3882 757 3931 eos
770 3860 972 3943 simulabant,
983 3862 1038 3947 qui
1061 3880 1128 3928 nou
1140 3864 1251 3928 erant:
1266 3862 1374 3948 itaque

92 4028 306 4039 -----

130 4079 156 4149 ⁸)
198 4079 294 4135 Hdclr:
314 4079 461 4135 Rdmische
481 4078 648 4135 Gesehiehte
668 4094 729 4133 vom
748 4075 856 4132 Varfall
876 4076 925 4131 der
943 4074 1081 4146 Republik
1109 4074 1153 4131 bis
1179 4091 1227 4130 cur
1258 4062 1370 4131 Vollan·

23 4224 27 4229 .
198 4170 274 4239 dung
293 4169 343 4225 der
360 4168 522 4224 Monarchia
543 4169 631 4223 unter
650 4168 817 4224 Konstantin
834 4167 856 4221 I.
875 4182 938 4239 pag.
958 4167 1108 4222 315—316.
1129 4167 1155 4221 et
1174 4181 1201 4238 p.
1221 4164 1281 4220 325.

13 4250 50 4333 ³*r
126 4262 152 4331 ¹)
196 4259 315 4333 Ruperti
334 4260 364 4315 in
381 4258 552 4330 praefatione
572 4258 693 4314 adedit.
712 4257 775 4313 Juv.
799 4256 916 4313 alteram
936 4272 1000 4328 pag.
1019 4254 1131 4311 LXXX.

80 4396 94 4431 ζ
125 4351 155 4423 l)
199 4348 229 4407 Ο.
247 4348 342 4407 Julius
360 4349 451 4407 Bolia.
471 4350 512 4405 De
530 4348 645 4405 Horatio
665 4351 692 4407 et
711 4347 859 4422 iuvenale,
889 4348 1048 4405 satirarum
1062 4335 1405 4403 coenomanensem

77 4455 155 4529 ,κζ-,
173 4516 179 4521 ζ
197 4436 288 4511 unq.
308 4441 385 4497 saer.
401 4454 431 4513 p.
452 4441 493 4500 ro.

16 4542 56 4569 ·.··
97 4552 106 4563 ⁴

54 4572 57 4577 .
114 4565 162 4591 ..1,ιή
186 4574 190 4579 .

20 4590 55 4626 eir.
74 4608 79 4615 ·
104 4588 185 4626 ,ΗΡ

1339 4502 1387 4563 Q*
