2976 4808
626 284 798 351 ...13-

69 500 203 567 Romani
227 521 299 568 rere
323 502 408 567 cires
430 501 576 566 contenti
599 504 690 565 erant
705 506 836 577 „reneio
850 498 1229 587 neroqueeueuuo‘ffll,
1248 498 1356 567 168-

71 607 161 694 ΙἿΟ.)
189 610 251 691 Qui
284 610 398 675 deinde
433 608 617 693 diligentius
640 606 819 692 perlegerit.
845 629 940 693 quem
960 627 1032 674 rere
1055 609 1271 673 conscientiae
1296 628 1355 675 en·

68 735 127 799 gor
160 717 382 799 cruciatusque
416 737 434 779 a
471 722 564 799 poeta
589 716 796 780 adumbretur
819 715 918 799 inll,
945 714 1157 799 lar-les).
1183 722 1237 800 qui
1263 736 1352 801 pree·

69 828 162 910 cepta
182 825 373 903 meminerit,
399 823 556 905 quemodo
579 823 703 887 animes
726 822 863 906 pueriles
887 822 1102 889 instituendos
1125 842 1196 887 esse
1220 824 1354 889 arbitre-

70 933 132 1009 tur,
155 930 329 1012 (satXll')
352 929 406 1011 qui
429 949 448 992 a
469 936 562 1013 poeta
586 928 787 994 clementiam
807 932 1043 996 venustissimis
1067 930 1170 995 uerbis
1190 949 1353 995 cemmen-

70 1040 178 1104 datam
215 1037 377 1116 audiverit,
415 1036 483 1101 fieri
516 1056 582 1102 non
617 1041 732 1122 potest,
757 1038 835 1121 quin
869 1039 1034 1115 concedat,
1065 1043 1225 1104 auctorem
1248 1040 1352 1123 ipsum

71 1148 160 1211 idem
196 1146 300 1209 anime
329 1144 469 1209 sensisse
493 1149 587 1228 atque
622 1145 762 1211 locutum
786 1146 921 1229 essen)
949 1145 992 1210 l't
1016 1147 1056 1209 ab
1080 1145 1222 1225 Heretie,
1245 1148 1288 1211 ire
1311 1146 1351 1211 ab

72 1251 226 1318 Juvenale
248 1252 450 1317 acerbissimo
474 1250 539 1317 sale
564 1252 783 1335 perfricantur,
803 1254 856 1336 qui
880 1253 940 1317 alia
963 1254 1117 1331 sentiunt,
1143 1252 1351 1337 alielequun·

73 1364 135 1445 tur,
179 1380 312 1444 eumque
355 1360 394 1425 de
423 1360 607 1425 hominibus
647 1360 813 1426 fallacibus
849 1381 1034 1445 murumque
1071 1362 1274 1427 sanctitatem
1306 1362 1349 1427 si·

72 1468 269 1534 malentibus
305 1467 455 1552 loquitur,
492 1468 691 1534 vehementia
731 1471 778 1534 rel
810 1470 946 1534 maxima
978 1474 1010 1534 et
1033 1471 1144 1536 ardere
1169 1490 1294 1536 summo
1317 1471 1352 1538 in

71 1596 125 1642 ees
150 1576 318 1655 invehitur,
343 1580 377 1640 ut
402 1577 518 1640 insat.
548 1576 589 1653 ΙΙ,
617 1577 645 1653 1,
671 1596 750 1660 sqq:

183 1681 294 1761 „Ultra
317 1680 520 1747 Sauromatas
544 1682 653 1767 lugere
677 1683 754 1749 hinc
778 1682 854 1749 libet
880 1689 911 1748 et
933 1683 1098 1768 glacialem

181 1788 371 1869 „Oceanum
396 1790 545 1872 (protiens
569 1788 688 1874 aliquid
713 1792 751 1855 de
776 1791 918 1855 moribus
941 1793 1070 1871 audent,

180 1894 261 1981 „Qui
285 1894 396 1961 Ourios
419 1897 572 1961 simulant
595 1901 626 1961 et
649 1897 859 1963 Bacchanalia
882 1900 1020 1964 rirunt.“

177 2003 290 2069 Fuisse
325 2002 512 2068 Juvenalem
536 2005 665 2087 ingenio
690 2004 829 2069 humane
869 2024 972 2088 neque
996 2025 1067 2071 raro
1091 2006 1253 2091 suscipere
1276 2006 1350 2071 inti·

69 2130 158 2176 mum
182 2109 325 2176 dolorem
356 2130 394 2175 en
429 2109 595 2175 hominnm
620 2111 808 2190 calamitate,
850 2113 967 2178 indicie
990 2117 1076 2197 sunt,
1101 2115 1231 2198 quaein
1255 2116 1351 2180 satira

70 2218 140 2299 XV,
164 2217 423 2304 reteguntur:

180 2376 746 2394 ...........
796 2325 980 2394 mollissima
1004 2330 1099 2394 corda

179 2436 318 2501 hnmano
337 2436 448 2518 generi
473 2435 548 2499 dare
571 2454 605 2498 se
631 2440 743 2499 natura
766 2435 893 2518 latetur,

179 2561 259 2627 qnae
280 2541 425 2606 lacrimas
445 2541 542 2621 dedit,
569 2540 647 2605 hacc
672 2542 771 2606 uestri
792 2563 866 2627 pars
890 2543 1008 2628 optima
1031 2554 1176 2611 sensns.“

178 2650 281 2731 Quare
305 2670 441 2734 aequum
463 2655 582 2729 censet,
609 2648 715 2714 delore
739 2648 902 2715 hominem
928 2650 1010 2716 affici
1038 2671 1128 2733 „cum
1152 2652 1349 2719 lunnsadul-

70 2764 120 2825 tae
145 2760 279 2844 virginis
304 2763 450 2837 occurrit,
475 2757 523 2823 rel
547 2761 630 2823 terra
655 2755 812 2822 clauditur
829 2758 937 2824 infans
961 2764 992 2823 et
1016 2761 1352 2845 meierignerogi“³⁰)

70 2872 189 2934 Amare
213 2867 361 2932 homines
385 2868 572 2931 coniunctos
598 2884 668 2931 esse
692 2885 803 2930 omnes
824 2866 941 2945 debere
956 2867 1352 2945 arbitratur‚amoreenim

70 2977 153 3042 effici
177 2996 272 3061 posse
308 2975 416 3052 credit,
441 2976 476 3038 ut
498 2972 647 3038 homines
671 2973 755 3038 iuter
788 2993 822 3038 se
855 2972 1037 3055 defendant,
1064 2975 1156 3058 signe
1191 2976 1264 3045 date
1287 2996 1352 3041 una

71 3082 273 3169 inproelinm
302 3082 551 3167 proficiscantur,
579 3100 684 3145 amore
713 3081 825 3145 eodem
859 3081 1019 3165 prohiberi
1053 3103 1155 3167 pesse,
1179 3083 1350 3168 quominus

70 3191 246 3257 ulciscendi
270 3190 430 3274 cupiditas
462 3187 631 3253 hominnm
665 3188 787 3252 animos
812 3188 949 3268 invadat,
974 3189 1090 3274 quippe
1114 3209 1194 3274 qnae
1218 3190 1348 3255 homine

69 3320 200 3388 prorsus
236 3300 370 3383 indigna
400 3298 450 3363 sit.

177 3410 260 3491 Quid
305 3408 469 3474 Juvenalis
516 3408 554 3472 de
600 3407 696 3472 rebus
743 3405 858 3471 divinis
903 3406 1096 3484 iudicaverit,
1146 3405 1274 3471 difficile
1304 3407 1352 3471 est

69 3519 166 3585 dictu.
209 3516 301 3598 Quod
330 3515 415 3579 enim
448 3515 482 3579 in
513 3513 609 3579 satira
643 3512 713 3590 Vll,
756 3512 829 3579 194.
867 3513 1007 3580 hominis
1042 3514 1203 3579 fortunam
1240 3532 1278 3578 ex
1315 3533 1352 3578 ea

66 3648 101 3695 re
134 3624 273 3712 pendere
306 3623 472 3701 existimat,
511 3641 612 3709 „qnae
647 3641 720 3688 eum
754 3621 859 3687 sidera
893 3624 1062 3708 excipiant,
1096 3621 1190 3687 mode
1233 3621 1351 3706 primos

69 3734 277 3821 incipientem
323 3733 413 3798 edere
451 3731 574 3816 vagitus
614 3733 646 3796 et
680 3728 784 3795 adhuc
819 3750 837 3793 a
872 3733 971 3796 matre
1005 3730 1207 3811 rubentem“,
1231 3729 1351 3795 ironice

71 3842 179 3928 procul
204 3840 298 3907 dubio
324 3839 402 3904 dixit
425 3841 517 3923 poeta
541 3856 644 3923 neque
668 3834 742 3902 inde
766 3834 829 3901 ullo
855 3836 948 3903 modo
973 3835 1078 3921 colligi
1094 3840 1209 3921 potest,
1225 3840 1350 3922 poetam

72 3949 175 4034 aliqua
187 3948 412 4035 superstitione
437 3947 622 4012 obstrictum
644 3948 699 4011 aut
709 3942 896 4029 astrologiae
910 3945 1181 4029 praeceptesnisse
1193 3951 1348 4011 secutum.

67 4058 112 4125 In
138 4059 245 4124 eadem
270 4056 365 4122 satira
390 4076 417 4120 v.
445 4052 519 4119 189.
547 4052 688 4139 exempla
716 4070 887 4135 „neverum
910 4054 1065 4119 latorum“
1094 4053 1233 4139 apponit,
1267 4036 1363 4138 quaal
1429 4020 1471 4105 Γ

67 4166 194 4233 felicem
221 4163 407 4250 ,pulchrum
431 4164 463 4228 et
487 4180 590 4227 acrem
615 4164 646 4225 et
670 4162 846 4246 sapientem
869 4165 900 4227 et
919 4160 1061 4227 nobilem
1081 4166 1113 4227 et
1137 4164 1345 4247 generosum“

18 4216 28 4243 ἰ

10 4256 41 4285 22·

13 4302 34 4323 a„

18 4322 49 4349 4-

10 4342 58 4417 2:12-ss
104 4346 141 4415 ἱθ)
179 4344 299 4400 Deetseh
319 4344 338 4397 l.
360 4342 378 4397 l.
399 4358 425 4413 p.
445 4342 470 4395 4.

104 4420 145 4505 ⁸f)
181 4415 348 4485 Marndiugl.
369 4414 387 4468 l.
406 4430 470 4485 pag.
491 4416 533 4468 12.
