2976 4808
697 426 851 493 ..2-

132 638 168 706 in
200 641 325 708 virtutis
360 640 524 708 ridiculam
557 641 803 708 ostentationem
836 645 922 724 abiit,
960 649 1104 714 censoria
1143 653 1219 716 nota
1251 670 1317 719 nen
1347 654 1416 721 iam

133 749 320 831 sufficiebat,
351 751 508 817 medicina
532 770 611 837 opus
636 752 703 816 erat
726 752 886 835 praesenti
911 756 1004 840 atque
1029 760 1169 837 strenua,
1196 779 1257 843 qua
1281 760 1414 828 morbus

133 857 276 941 civitatis,
302 858 329 925 si
362 878 430 926 nou
466 859 560 945 plane
596 860 859 946 exstingueretur,
890 867 922 927 at
958 868 1042 931 certe
1078 867 1284 934 minueretur.
1309 870 1410 950 Quam

132 965 323 1032 medicinam
348 986 365 1031 a
389 966 512 1033 duobus
536 967 738 1053 potissimum
772 967 873 1050 poetis
911 971 1055 1052 satiricis,
1091 975 1254 1059 egregium
1289 977 1323 1040 in
1344 997 1412 1042 mo-

39 1144 42 1149 ,
132 1072 207 1138 dum
231 1072 408 1139 adhibitam
430 1074 593 1157 videmus;
619 1074 658 1141 ab
682 1074 812 1141 Horatio
840 1078 871 1138 et
894 1075 1058 1154 Juvenale,
1084 1082 1123 1144 ab
1148 1086 1282 1167 utroque
1306 1083 1394 1149 diver

131 1181 257 1247 sissima
276 1183 410 1249 ratione.
434 1183 526 1272 Ratio
550 1184 648 1270 igitur
671 1202 706 1247 ac
729 1184 788 1263 via,
814 1201 909 1266 quam
930 1186 1063 1266 uterque
1101 1186 1246 1250 satiricus
1283 1196 1413 1258 secutus

130 1287 172 1353 ad
194 1289 391 1375 propositum
414 1271 584 1376 peruenire*
602 1292 735 1355 conatus
767 1290 826 1369 est,
863 1286 957 1353 huius
994 1288 1282 1373 disputatiunculae
1315 1318 1412 1383 argu·

129 1397 273 1460 mentum
298 1396 369 1467 erit.
394 1397 551 1480 Quoniam
574 1416 646 1462 uero
671 1399 819 1461 naturam
851 1397 966 1460 satirae
1000 1396 1165 1481 utriusque
1201 1400 1312 1482 poetae
1344 1406 1414 1469 tum

130 1501 257 1568 demum
279 1508 366 1570 recte
386 1505 545 1570 aestimari
569 1508 768 1588 posseputo,
794 1521 866 1567 cum
890 1505 987 1583 aetas,
1026 1522 1089 1588 qua
1123 1506 1256 1587 uterque
1292 1503 1411 1588 floruit,

130 1614 254 1696 natura,
278 1613 454 1696 ingenium,
479 1633 596 1694 mores,
631 1614 776 1680 doctrina
806 1617 1017 1699 pernoscatur
1051 1619 1145 1700 atque
1179 1615 1412 1705 explanabitur,

129 1717 301 1785 dicendum
323 1722 373 1787 est
396 1720 489 1787 nobis
512 1720 609 1806 igitur
633 1722 783 1808 primum:

731 1938 759 2024 ς.
785 1938 815 2003 1.

243 2095 314 2182 De
345 2099 532 2195 aetate,
566 2118 672 2204 que
701 2099 921 2203 uterque
952 2098 1105 2204 poeta
1134 2098 1290 2185 uixit.

235 2276 358 2345 Horatii
369 2280 566 2365 temporibus
579 2278 702 2364 imperii
716 2279 852 2345 Romani
875 2279 957 2345 fines
976 2278 1159 2365 longissime
1172 2287 1263 2348 erant
1286 2281 1409 2367 prolati.

127 2379 194 2448 Viri
213 2387 371 2469 regnandi
387 2388 494 2472 cupidi
517 2387 634 2452 atrocia
646 2386 729 2451 iuter
753 2404 786 2451 se
811 2386 964 2470 gerebant
987 2386 1079 2468 bella,
1103 2390 1285 2456 vastabatur
1307 2388 1411 2470 Italia,

130 2490 359 2575 diripiebantur
369 2494 560 2580 prouinciae,
571 2513 622 2560 res
633 2494 758 2579 uitaque
772 2495 886 2560 civium
898 2495 972 2560 forti
985 2497 1136 2580 easuique
1150 2496 1293 2576 obnoxia,
1307 2516 1325 2560 a
1340 2495 1411 2561 ieli-

130 2598 257 2664 cissimo
271 2621 397 2689 quoque
417 2602 679 2669 venumdabatur.
703 2602 827 2668 Proelio
852 2603 978 2669 demum
1002 2604 1086 2688 apud
1099 2603 1227 2671 Aetium
1241 2603 1411 2670 commisso

128 2704 270 2774 Romana
281 2708 460 2795 respublica
482 2711 517 2776 iu
540 2729 653 2776 manus
676 2709 771 2774 unius
794 2710 916 2790 incidit,
941 2710 995 2795 qui
1019 2711 1097 2776 scite
1121 2709 1335 2795 gubernacula
1349 2710 1410 2777 im·

128 2815 207 2900 perii
231 2817 311 2883 rexit
331 2818 523 2903 vulneraque
546 2816 639 2884 bellis
663 2816 806 2883 civilibus
828 2818 944 2883 civitati
967 2818 1061 2884 toties
1084 2818 1205 2884 inflicta
1228 2817 1361 2882 sanavit.

238 2938 281 3005 ldt
304 2950 413 3008 tamen
448 2941 533 3007 haud
571 2942 678 3007 omnia
712 2942 818 3007 sanari
850 2944 1006 3026 poterant.
1046 2942 1260 3008 Romanorum
1292 2942 1411 3008 civium

131 3068 239 3114 mores
263 3049 326 3115 iam
349 3054 427 3117 tunc
451 3051 605 3138 temporis
629 3050 816 3137 praecipites
839 3051 884 3117 ire
915 3056 1097 3137 coeperant.
1144 3051 1205 3133 Qui
1229 3050 1314 3116 enim
1333 3047 1411 3116 clim

132 3158 269 3244 inopem,
297 3160 409 3225 duram
428 3159 668 3245 simplicemque
692 3158 831 3244 agebant
853 3158 960 3241 uitam,
985 3163 1184 3243 mortemque
1219 3177 1274 3243 pro
1309 3156 1411 3240 patria

130 3271 278 3353 oppetere
302 3287 459 3334 summam
481 3267 609 3335 laudem
633 3268 891 3348 essedariorum,
912 3267 1054 3334 luxuriae
1067 3267 1276 3350 avaritiaeque
1296 3284 1411 3332 omues

129 3373 197 3441 fere
219 3373 440 3461 indulgebant,
466 3376 661 3459 militiaeque
684 3373 829 3440 laborum
856 3375 1068 3461 impatientes,
1092 3372 1352 3440 amerceuuariis
1374 3390 1410 3437 se

130 3501 250 3567 suaque
274 3483 404 3550 defendi
425 3483 637 3569 patiebantur.
654 3482 741 3564 Quae
762 3486 845 3548 artes
859 3482 1139 3568 instrumentaque
1151 3481 1290 3547 luxuriae
1314 3482 1411 3563 atque

129 3590 298 3677 voluptatis
322 3593 492 3678 excogitari
515 3595 673 3678 poterant,
698 3591 805 3656 omnia
826 3590 959 3657 Romam
979 3589 1135 3657 translata
1151 3588 1411 3676 splendidissime

131 3698 382 3767 honorabantur.
418 3700 526 3786 Atque
561 3721 634 3768 cum
670 3718 781 3765 omnes
811 3700 844 3765 id
877 3703 1002 3765 tantum
1037 3707 1177 3785 agerent,
1213 3702 1249 3763 ut
1287 3695 1412 3764 luxuria

134 3807 302 3877 affluerent
324 3808 449 3894 vitaque
472 3810 565 3876 otiosi
587 3808 836 3894 perfruerentur,
861 3807 937 3893 quid
962 3810 1086 3892 mirum,
1111 3806 1205 3891 quod,
1230 3824 1303 3870 cum
1333 3825 1413 3890 pau-

130 3919 235 4002 pertas
257 3937 314 4003 pro
337 3918 413 3984 uitio
438 3915 620 4000 haberetur,
644 3915 763 3983 vitain
786 3916 893 3982 omnia
916 3912 1035 3980 scelera
1057 3911 1160 3978 effusa
1184 3912 1291 3977 decori
1313 3915 1411 3996 esset,

130 4024 163 4108 ii,
188 4025 303 4111 quibus
326 4044 431 4111 neque
455 4026 577 4109 militia,
602 4044 706 4111 neque
744 4022 933 4110 patrimonio
963 4018 1129 4086 facultates
1165 4020 1242 4085 satis
1275 4037 1412 4104 maguae

131 4132 346 4214 obvenissent,
371 4133 424 4200 alii
458 4133 553 4200 abam
585 4131 849 4220 ingrediebantur
881 4131 974 4213 uiam,
999 4149 1062 4214 qua
1099 4129 1139 4194 ad
1162 4129 1298 4209 beatam,
1329 4146 1412 4211 quae

130 4241 290 4308 videretur
312 4241 418 4317 uitam,
443 4241 606 4326 peruenire
630 4243 772 4325 possent,
796 4240 945 4323 quodque
975 4236 1056 4303 nihil
1081 4247 1144 4302 tam
1173 4233 1304 4314 sordidi,
1330 4232 1412 4298 nihil

131 4349 405 4431 tamabiectierat,
423 4349 509 4433 quod
532 4349 616 4415 ciues
628 4348 763 4414 Romani
784 4345 870 4412 illius
892 4344 1003 4411 aetatis
1027 4362 1095 4410 non
1118 4342 1328 4428 susciperent,
1343 4355 1411 4402 non

126 4455 321 4522 tentarent?
340 4454 443 4523 Nemo
464 4455 528 4523 iam
543 4458 695 4523 caretate
707 4473 824 4521 munus
844 4453 1006 4540 publicum
1016 4451 1088 4520 ideo
1099 4451 1219 4536 petiuit,
1230 4451 1266 4515 nt
1291 4443 1411 4533 patriae
1451 4474 1460 4531 Ι;

13 4584 36 4729 p:
95 4548 383 4711 cemetsrsppique
405 4562 604 4657 dignitatem
625 4566 766 4657 pararet,
791 4562 860 4645 sed,
882 4564 920 4631 ut
941 4560 1067 4630 diuitias
1090 4560 1289 4628 coacervaret
1313 4573 1411 4641 quam
1456 4651 1460 4659 Ι
